3380 5306
712 469 879 528 „55-

229 646 336 720 menta,
366 659 442 716 quae
471 646 573 702 auctor
601 643 694 701 voluit
727 657 792 701 esse
818 640 1010 717 immortalia,
1039 639 1139 699 mollia
1168 640 1239 699 dicit
1262 658 1304 700 so.
1323 659 1360 700 ex

229 728 322 802 ipsius
340 727 496 805 sententia,
515 747 573 786 non
585 733 666 788 recte
678 727 755 786 effici
768 745 834 786 eum
854 745 914 805 „ne
929 725 1094 799 inspexisse
1113 725 1230 800 quidem
1247 724 1359 786 libros“

229 813 427 890 Empedoclis,
443 814 502 870 iarn
513 814 672 888 Briegerus
685 812 893 871 animadvertit
904 812 990 870 Burs.
1003 810 1139 870 Jahresb.
1155 813 1247 887 1877,
1266 813 1358 871 1173.

315 899 398 957 Idem
414 899 486 956 illud
504 900 633 973 pertinet
653 898 691 958 ad
703 898 884 957 Heraclitum
904 902 933 956 et
943 896 1161 972 Anaxagoram.
1184 898 1230 955 De
1241 896 1358 956 Anaxa-

230 1001 303 1058 gora
331 1002 427 1059 pauca
458 985 596 1043 addenda
620 989 697 1043 sunt.
742 984 850 1043 Vocem
877 981 995 1057 quidem
1019 981 1294 1060 ⁷,homoeomeriae“
1321 984 1359 1042 ab

229 1069 388 1129 Aristotele
406 1069 555 1128 inventam
579 1070 674 1130 minus
701 1086 801 1128 errore
826 1068 966 1142 deceptus
990 1085 1077 1140 quarn
1095 1066 1213 1126 dicendi
1232 1069 1358 1142 quadam

231 1154 421 1231 neglegentia
438 1155 476 1212 ad
494 1154 703 1230 Anaxagoram
719 1155 816 1230 ipsum
833 1154 951 1212 videtur
968 1152 1088 1211 referre.
1125 1152 1165 1211 At
1179 1170 1238 1211 non
1256 1153 1358 1212 distin-

231 1242 274 1300 xit
292 1259 329 1299 ex
343 1240 422 1299 illius
440 1246 538 1299 mente
555 1235 592 1298 111
610 1239 738 1298 σύνθετα
762 1257 887 1314 1111111
905 1233 997 1317 (velut
1014 1243 1125 1297 terram
1143 1243 1173 1297 et
1190 1234 1310 1319 aquam)
1330 1244 1359 1298 11

230 1322 267 1384 rel
289 1321 375 1384 ἁπλᾶ
393 1317 489 1406 (,,1ἷον
511 1322 608 1405 σάρκα
629 1327 679 1382 καὶ
696 1320 850 1405 11111111),
872 1325 927 1384 sed
945 1325 1043 1383 omnia
1064 1327 1150 1398 putat
1168 1329 1303 1384 constare
1322 1343 1359 1383 ex

230 1411 372 1488 partibus,
397 1429 473 1484 quae
490 1411 559 1470 totis
584 1428 671 1484 pares
691 1406 846 1492 1111111111
865 1405 973 1490 111111).
1019 1410 1091 1468 Inde
1111 1411 1261 1484 complura
1285 1410 1359 1469 vitia

231 1501 395 1554 1111111111.
432 1496 561 1555 Primum
580 1497 655 1555 enim
675 1501 826 1556 enumerat
843 1498 857 1553 Ι
875 1496 947 1553 840.
967 1496 1007 1552 41
1029 1495 1107 1554 inter
1127 1492 1359 1554 homoeomerias

230 1585 339 1640 terram
358 1585 387 1640 et
407 1581 516 1659 ignem,
541 1599 616 1655 quae
635 1601 669 1642 eo
688 1600 746 1641 non
765 1581 921 1656 pertinent.
966 1574 1017 1660 (11.
1036 1579 1140 1654 Woltj.
1158 1598 1209 1655 pg.
1229 1577 1293 1662 30).
1317 1615 1358 1624 —-

231 1665 307 1726 Ossa
321 1672 420 1724 tamen
438 1672 467 1725 et
485 1667 583 1725 visous
602 1685 638 1725 ex
649 1667 787 1742 pauxillis
806 1666 921 1725 ossibus
940 1669 969 1724 et
986 1665 1150 1724 visceribus
1162 1667 1244 1741 gigni
1262 1684 1358 1741 neque

230 1769 284 1826 per
312 1752 407 1811 iooum
437 1746 553 1832 (Woltj.
584 1747 638 1833 31)
673 1769 769 1826 neque
804 1770 858 1826 per
893 1768 1023 1810 errorem
1053 1750 1152 1809 dicere
1182 1753 1300 1812 videtur
1329 1772 1356 1812 v.

231 1838 292 1896 835
311 1855 356 1911 sq.
385 1871 421 1878 -
447 1837 563 1896 Deinde
588 1831 648 1917 (vv.
676 1832 837 1918 859-74)
864 1855 967 1911 parum
993 1841 1130 1895 accurate
1149 1836 1358 1912 Anaxagoram

230 1923 393 1999 impugnat,
412 1940 478 1981 oum
496 1923 644 1981 convincit
665 1940 766 1982 omnes
783 1941 831 1982 res
850 1923 1022 1981 commixtas
1040 1939 1105 1981 esse
1129 1939 1167 1980 ex
1184 1923 1358 1998 alienigenis

230 2008 364 2082 partibus
391 2026 417 2066 e.
443 2027 472 2082 g.
499 2009 580 2068 cibos
605 2025 642 2066 ex
665 2009 780 2068 ossibus
805 2011 835 2067 et
858 2008 942 2066 venis
964 2002 1019 2088 (111
1036 2007 1107 2066 dicit
1125 2025 1162 2066 ex
1180 2009 1272 2084 ipsius
1291 2027 1356 2068 sen-

230 2094 324 2152 tentia
340 2111 399 2152 non
417 2094 481 2152 sine
499 2093 695 2152 inconstantia
714 2095 850 2172 quadam,
874 2112 940 2153 curn
958 2093 1113 2152 dicendum
1132 2094 1170 2152 sit
1189 2095 1269 2153 eibos
1288 2113 1355 2154 oon·

231 2183 310 2238 stare
331 2198 368 2237 ex
385 2178 554 2254 primordiis
575 2180 683 2238 ossium
701 2185 732 2238 et
748 2173 911 2261 venarum).
944 2179 1096 2238 Postremo
1115 2172 1175 2259 (vv.
1196 2181 1257 2238 875
1276 2176 1356 2263 sqq.)

230 2264 375 2323 immerito
400 2264 428 2322 11
453 2265 612 2338 exprobrat
634 2265 727 2344 quod,
755 2265 812 2324 etsi
829 2265 901 2324 velit
919 2259 1006 2324 ἁπλᾶ
1029 2282 1095 2324 1111
1119 2266 1233 2343 omnia,
1259 2270 1356 2325 tamen
1455 2310 1459 2318 .

229 2368 333 2425 parum
346 2350 403 2408 sibi
421 2349 630 2409 convenienter
647 2355 743 2410 sumat
761 2351 859 2409 omnia
877 2367 942 2409 esse
961 2348 1099 2408 σύνθετα.
1134 2349 1220 2422 Quod
1238 2352 1356 2425 quidem

229 2437 324 2512 ipsum
342 2441 422 2495 recte
441 2434 592 2495 confutare
610 2436 735 2515 videtur,
766 2437 903 2510 quoniam
921 2453 980 2494 non
998 2436 1130 2496 omnibus
1148 2438 1237 2497 rebus
1256 2454 1356 2496 omnes

231 2539 292 2580 res
310 2521 459 2580 immixtae
477 2523 584 2599 latent,
611 2522 664 2580 sed
687 2522 844 2582 multarum
864 2537 961 2582 rerum
981 2521 1128 2580 semina
1146 2522 1245 2581 multis
1268 2524 1355 2583 rebus

231 2607 395 2666 communia
412 2613 480 2665 sunt
497 2601 682 2687 (894-96).

315 2695 413 2751 Prave
429 2710 516 2767 porro
533 2691 625 2751 refert
636 2693 722 2753 Luor.
741 2693 842 2753 7644
854 2710 919 2768 sqq.
938 2692 1099 2752 Democriti
1117 2693 1154 2751 de
1177 2711 1264 2752 cursu
1285 2695 1356 2752 solis

232 2783 261 2838 et
278 2779 364 2838 lunae
387 2779 572 2838 sententiam.
616 2775 767 2838 Omittitur'
792 2779 869 2838 enlm
897 2812 932 2819 -
953 2778 984 2837 id
1002 2778 1081 2852 quod
1098 2778 1200 2854 Woltj.
1220 2797 1269 2853 pg.
1295 2782 1354 2838 129

231 2864 421 2938 sagacissime
439 2865 516 2922 eruit
532 2898 568 2905 —
585 2881 675 2923 causa
693 2882 744 2922 our
761 2866 847 2922 lunae
867 2865 937 2922 solis
956 2865 1108 2923 stellarum
1119 2869 1213 2924 motus
1230 2883 1289 2923 non
1301 2884 1355 2941 pro

231 2950 357 3025 simplici
382 2949 497 3008 ratione
523 2949 680 3008 distantiae
704 2969 722 3008 a
739 2955 820 3008 terra
837 2949 1038 3024 adaugescant
1060 2984 1095 2990 -
1115 2950 1158 3009 ita
1175 2955 1207 3009 ut
1224 2953 1293 3010 luna
1312 2953 1355 3010 sol

216 3034 334 3093 ‘stellae
352 3052 435 3094 suum
453 3052 588 3109 quaeque
607 3035 745 3093 circulum
765 3033 867 3093 eodem
884 3034 1025 3108 temporis
1036 3034 1132 3108 spatio
1148 3035 1353 3094 circumferan-

229 3125 278 3179 tur
299 3155 346 3199 -,
369 3120 422 3179 sed
440 3121 543 3180 stellae
567 3126 595 3179 et
618 3122 678 3197 111,
703 3138 778 3194 quae
796 3119 967 3193 longissime
992 3138 1010 3177 1
1036 3123 1118 3178 terra
1134 3121 1245 3199 absint,
1272 3127 1355 3181 tanto

231 3207 355 3266 celerius
373 3210 546 3267 moveantur
564 3223 650 3279 quarn
668 3206 753 3282 luna,
782 3209 815 3263 ut
839 3199 898 3262 uon
923 3205 967 3263 sol
992 3207 1083 3264 semel
1107 3223 1190 3265 suum
1215 3207 1355 3265 circulum

230 3293 369 3350 maiorem
393 3295 548 3366 percurrat
573 3308 630 3365 quo
647 3296 779 3366 tempore
797 3307 879 3349 sunm
898 3292 984 3367 luna,
1009 3291 1062 3349 sed
1078 3295 1111 3350 ut
1128 3292 1231 3350 stellae
1257 3294 1355 3351 lunam

231 3376 388 3437 duodecies
417 3394 493 3435 anno
518 3377 720 3451 adipiscantur
738 3395 795 3451 quo
813 3377 904 3437 solem
923 3377 1011 3450 paulo
1029 3382 1096 3450 post
1114 3394 1164 3436 eas
1183 3383 1355 3453 sequentem

229 3464 319 3522 semel
341 3466 589 3537 praetercurrent.
635 3457 712 3543 (Quo
729 3461 762 3521 fit
790 3497 825 3503 —
850 3468 882 3521 111
898 3461 954 3520 hoo
973 3461 1079 3522 addam
1106 3497 1146 3504 -
1164 3469 1197 3522 ut
1215 3464 1259 3523 sol
1277 3465 1355 3522 idem

230 3549 356 3623 spatium
380 3566 456 3606 anno
481 3548 658 3606 videatur
683 3549 780 3626 obire,
807 3549 913 3622 inquo
939 3549 1008 3608 111111
1032 3565 1161 3607 mensem
1186 3546 1354 3631 consumit).

229 3635 440 3708 Praeterquam
459 3632 535 3708 quod
554 3633 629 3692 ratio
648 3633 798 3692 celerioris
821 3637 917 3690 motus
935 3634 1005 3691 solis
1023 3638 1053 3692 et
1070 3634 1220 3692 stellarum
1239 3634 1353 3694 deside·

229 3724 327 3798 ratur⁷
365 3719 439 3777 haec
475 3719 633 3794 explicatio
668 3719 825 3793 perspicua
858 3723 918 3796 est3
952 3719 1008 3777 etsi
1035 3724 1124 3792 11111
1155 3737 1220 3777 earn
1253 3724 1354 3795 utpote

230 3805 329 3864 nixam
353 3804 383 3863 in
407 3822 505 3864 errore
531 3821 667 3864 sensuum
692 3822 750 3863 non
770 3803 871 3862 debuit
889 3803 1066 3864 collaudare.
1111 3804 1221 3877 Quodsi
1251 3806 1352 3881 Woltj.

230 3886 293 3969 (pg.
329 3886 402 3971 183)
435 3909 473 3949 ex
502 3891 553 3948 illo
584 3890 655 3948 vitio
687 3891 854 3949 Lucretium
889 3889 1036 3949 concludit
1064 3890 1240 3950 seutentiam
1273 3892 1354 3950 illam

231 3995 267 4034 ex
302 3976 421 4050 Epicuri
458 3995 516 4034 non
552 3993 589 4033 ex
617 3975 780 4034 Democriti
807 3974 924 4050 scriptis
953 3975 1143 4054 cognovisse,
1173 3993 1230 4034 nou
1258 3978 1354 4052 magis

230 4061 286 4119 hoc
320 4061 391 4119 mibi
427 4063 569 4136 probatur
604 4079 692 4134 quam
726 4079 789 4119 cum
826 4079 862 4119 ex
899 4059 1132 4139 discriminibus,
1173 4080 1248 4136 quae
1277 4063 1354 4122 inter

230 4145 413 4223 Thucydidis
432 4152 462 4204 et
479 4146 609 4204 Lucretii
627 4147 813 4220 pestilentiae
833 4147 1046 4220 descriptiones
1064 4147 1257 4225 intercedunt,
1278 4166 1353 4223 quae

230 4233 302 4290 milri
336 4233 454 4306 quidem
486 4231 651 4290 accuratius
687 4236 856 4306 comparata
890 4233 1010 4290 alteram
1043 4233 1164 4291 alterius
1196 4233 1353 4308 imaginem

231 4335 296 4376 esse
326 4318 412 4392 quasi
441 4316 597 4375 vociferari
626 4317 763 4376 videntur
791 4312 841 4396 (cf.
871 4318 969 4390 Brieg.
999 4317 1083 4376 Burs.
1107 4317 1242 4377 Jahresb.
1271 4320 1352 4378 1877

231 4403 268 4462 Π.
291 4398 353 4483 75),
372 4403 539 4462 Lucretium
555 4419 635 4461 suam
653 4421 689 4461 ex
702 4403 819 4476 Epicuri
835 4401 1008 4460 secundario
1026 4400 1108 4462 fonte
1119 4403 1252 4463 hausisse
1264 4405 1354 4468 efficit
