3380 5306
661 421 664 428 ⁴
795 434 960 492 -38-

315 609 419 667 Talem
441 607 617 666 sententiam
638 605 709 682 poni
730 605 861 681 potuisse
883 624 942 664 uon
964 625 1050 684 nego,
1074 618 1251 681 quamquam
1276 625 1335 666 non
1358 606 1443 666 dissi·

315 696 393 753 mulo
412 693 581 772 Lucretium
599 692 628 750 h.
647 694 667 750 l.
687 691 724 750 de
742 691 869 751 fausto
894 691 1016 752 fulmine
1040 691 1111 751 mihi
1129 710 1187 751 non
1206 692 1302 752 videri
1324 692 1443 752 dixisse.

315 779 355 838 At
374 780 512 838 universa
529 777 696 836 Neumanni
712 777 899 837 ratiocinatio
918 776 989 837 mihi
1007 796 1066 837 non
1084 779 1236 853 probatur.
1280 779 1357 838 Nam
1381 780 1442 857 „in-

317 867 395 925 dicia
423 865 521 923 divum
557 864 662 922 mentis
698 861 892 938 perquirere“
904 859 928 944 ¹)
968 859 1056 945 (382)
1086 869 1131 923 est
1160 865 1256 941 „ictus
1292 862 1445 924 fulminum

317 957 475 1025 ceteraque
498 951 572 1008 caeli
591 947 794 1024 phaenomena
815 946 1005 1009 observare“.
1030 951 1139 1009 Versus
1156 954 1264 1027 autem,
1284 950 1445 1026 dequibus

317 1036 449 1114 dicimus,
470 1036 620 1095 continent
636 1034 708 1094 talia
725 1033 944 1113 phaenomena,
970 1040 1040 1110 apte
1062 1035 1152 1110 igitur
1168 1035 1227 1094 illis
1245 1035 1344 1095 verbis
1367 1035 1444 1096 subi-

318 1122 439 1182 ciuntur.
485 1122 577 1180 Porro
596 1120 667 1195 quid
685 1137 792 1179 nocere
810 1124 900 1195 queat
918 1120 1028 1180 fulmen
1051 1116 1150 1203 (386),
1173 1121 1325 1196 quaeritur
1347 1137 1444 1181 ecar-

317 1208 443 1268 minibus
469 1205 649 1284 Tyrrhenis3
675 1223 747 1280 ergo
773 1203 986 1284 „perquirere“
1014 1201 1103 1290 (382)
1128 1208 1230 1281 utique
1251 1205 1373 1266 'diversa
1394 1225 1444 1265 no-

318 1293 398 1352 tione
416 1293 645 1368 intellegendum
665 1295 720 1350 est.
765 1292 825 1368 Sed
850 1293 900 1367 qui
924 1292 981 1350 hoc
1000 1296 1045 1352 est
1061 1294 1239 1353 molestum?
1283 1293 1359 1352 Nam
1383 1292 1445 1367 qui-

318 1397 442 1454 cumque
467 1379 562 1439 minus
587 1381 692 1452 argute
716 1377 746 1435 in
771 1378 864 1438 verba
886 1379 1032 1455 inquiret,
1061 1396 1123 1439 rem
1148 1379 1191 1438 ita
1220 1377 1362 1453 accipiet:
1387 1395 1447 1436 non

319 1468 364 1525 est
383 1510 390 1524 .
411 1510 418 1524 .
439 1509 446 1524 .
465 1466 631 1524 volventem
650 1463 780 1522 carmina
790 1463 947 1539 Tyrrhena
972 1458 1005 1544 (i.
1019 1482 1044 1523 e.
1067 1465 1156 1544 „dnm
1168 1461 1293 1542 volvis“,
1312 1483 1372 1523 non
1391 1479 1446 1542 „eo

320 1549 399 1626 quod
416 1545 546 1632 volvis“)
564 1549 674 1610 indicia
693 1550 814 1608 deorum
831 1549 1002 1624 perquirere
1021 1550 1178 1610 scilicet
1194 1548 1271 1608 unde
1289 1549 1369 1624 ignis
1380 1565 1445 1625 per-

319 1637 434 1696 venerit
453 1682 460 1696 .
480 1682 487 1696 .
508 1682 515 1696 .
534 1637 643 1712 quidve
662 1652 768 1694 nocere
787 1639 875 1710 queat
892 1633 1001 1695 fulmen
1019 1635 1040 1694 i.
1060 1654 1086 1695 e.
1105 1635 1176 1710 quid
1193 1635 1251 1694 illis
1268 1634 1386 1694 indiciis
1403 1635 1446 1694 in·

321 1725 435 1782 dicetur
459 1718 510 1803 (ex
535 1720 713 1781 carminibus
739 1717 906 1803 quaerere).
933 1755 974 1763 —
1000 1720 1059 1781 Sed
1084 1739 1260 1797 quamquam
1284 1721 1327 1781 sio
1349 1719 1381 1780 hi
1397 1735 1445 1779 vv.

320 1829 338 1868 a
358 1808 540 1869 dubitatione
557 1808 760 1885 vindicantur,
787 1807 912 1866 alterurn
931 1824 981 1866 eos
1003 1811 1091 1866 antea
1114 1805 1253 1866 habuisse
1276 1807 1373 1866 locum
1389 1807 1448 1866 iam

320 1911 410 1970 supra
427 1888 490 1975 (pg.
511 1889 564 1976 14)
582 1895 667 1953 nobis
685 1892 840 1967 probabile
857 1893 952 1952 visum
971 1896 1026 1952 est.

404 1981 433 2038 II
454 1979 563 2053 163.'4
582 1981 684 2038 :IV
703 1979 775 2036 207.
796 1979 815 2036 8

268 2119 270 2122 .
363 2065 575 2140 multiplexque
593 2065 651 2125 loci
669 2064 797 2139 spatium
815 2068 1018 2124 transcurrere
1037 2063 1140 2122 eodem

363 2158 495 2226 tempore
514 2167 571 2225 quo
590 2151 660 2211 solis
679 2151 855 2226 pervolgant
872 2149 992 2224 fulgura
1010 2150 1132 2209 caelum.

470 2231 539 2317 (Gn.
560 2238 598 2294 71
618 2254 672 2315 sq,
692 2236 747 2294 To.
768 2234 840 2314 551,
858 2234 909 2294 Br.
929 2229 1015 2316 207).

320 2325 353 2382 In
383 2323 424 2381 IV
442 2323 503 2381 208
534 2326 632 2383 exstat
660 2323 725 2381 loco
753 2321 836 2380 vocis
862 2317 1019 2400 „fulgura“
1048 2317 1215 2399 „lumina“3
1245 2320 1324 2395 quod
1353 2320 1448 2396 suspi-

321 2413 406 2468 catur
431 2408 488 2468 Gn.
514 2409 545 2466 in
569 2409 599 2467 II
626 2409 687 2467 164
712 2410 854 2468 mutatum
878 2421 944 2467 esse
974 2407 1004 2465 in
1031 2403 1205 2486 „fulgura“‚
1236 2407 1306 2480 quia
1329 2405 1360 2464 in
1388 2406 1447 2464 162

323 2490 472 2574 ‚,lnmina“
492 2493 659 2554 antecedat.
704 2493 784 2568 Ergo
802 2493 869 2552 illos
888 2511 935 2552 vv.
962 2493 1004 2552 ibi
1029 2510 1094 2552 cum
1113 2492 1219 2552 abesse
1244 2491 1359 2566 possint
1383 2509 1449 2551 esse

321 2580 525 2655 interpolatos.
569 2577 609 2640 At
641 2584 673 2638 ut
707 2575 864 2658 „fulgura“
895 2578 1069 2638 variationis
1101 2577 1198 2654 gratia
1230 2577 1365 2636 dicantur
1394 2595 1449 2652 pro

321 2666 489 2744 luminibus,
508 2665 558 2740 qui
577 2685 613 2726 ex
630 2665 688 2725 hac
705 2683 738 2724 re
754 2663 942 2746 consequitur
960 2664 1026 2722 illos
1042 2681 1090 2723 vv.
1109 2682 1168 2723 non
1186 2681 1244 2722 uno
1262 2666 1365 2722 tenore
1384 2681 1448 2721 oum

321 2752 563 2811 antecedentibus
589 2751 770 2825 conscriptos
796 2751 885 2809 esse?
934 2748 1014 2809 Nam'
1036 2747 1176 2826 „fulgura
1205 2745 1296 2808 solis“
1322 2765 1381 2807 non
1405 2749 1455 2807 in·

322 2838 464 2897 nolentem
484 2854 549 2896 esse
566 2837 742 2896 locutionem
761 2835 849 2894 docet
874 2855 902 2894 v.
920 2835 962 2894 IV
986 2836 1062 2893 190:
1090 2879 1097 2893 .
1119 2883 1124 2895 .
1145 2835 1311 2895 stimulatur
1334 2832 1450 2908 fulgere

321 2922 421 2997 fulgur
439 2917 546 3002 (solis).
590 2922 626 2980 Id
645 2921 722 2997 qnod
740 2938 846 2981 revera
863 2921 1017 2980 molestum
1044 2937 1109 2979 esse
1132 2920 1241 2995 possit:
1268 2917 1376 2995 duplex
1401 2919 1450 2978 vel

322 3009 432 3084 triplex
466 3009 645 3084 comparatio
679 3007 851 3067 mobilitatis
887 3007 1112 3082 primordiorum
1148 3011 1178 3066 et
1211 3005 1351 3065 luminum
1381 3005 1451 3065 solis

311 3090 581 3175 ·(praeoellere
605 3094 768 3154 mobilitate
793 3096 824 3152 et
855 3093 946 3152 multo
972 3092 1090 3152 citius
1116 3109 1203 3167 quam
1234 3091 1344 3150 lumina
1369 3090 1449 3168 solis,

266 3181 268 3188 '
324 3180 610 3255 multiplexque
639 3181 696 3239 loci
725 3180 853 3255 spatium
878 3177 981 3238 eodem
1004 3181 1137 3254 tempore
1165 3183 1367 3237 bansonrrere
1394 3194 1451 3250 qno

325 3267 435 3326 lumina
455 3266 526 3326 solis
545 3267 658 3326 caelum
677 3259 865 3344 pervolgant)
890 3264 946 3322 hoo
967 3263 1046 3323 idem
1068 3265 1146 3323 cadit
1166 3264 1255 3322 etiam
1279 3263 1309 3320 in
1327 3262 1451 3321 alterum

324 3353 420 3411 locum
438 3345 492 3431 (IV
511 3352 582 3410 207.
602 3346 645 3432 8).
690 3351 755 3423 Quo
774 3367 950 3424 quamquam
968 3349 1011 3407 illi
1029 3367 1077 3408 vv.
1099 3367 1164 3408 oum
1182 3346 1286 3408 vicinis
1305 3351 1452 3407 eductura

326 3438 519 3513 eontinentur,
538 3441 635 3495 tamen
650 3441 756 3510 postea
769 3435 906 3494 videntur
919 3434 1018 3513 positi,
1039 3435 1176 3508 quoniam
1191 3433 1247 3494 hoo
1262 3451 1317 3509 per
1333 3451 1366 3493 se
1383 3451 1450 3508 pro-

326 3523 453 3584 babilius
473 3527 528 3581 e‘st.

411 3606 878 3682 1429†.:1531=1V672

368 3697 400 3755 id
418 3692 573 3770 quodiam
591 3711 681 3769 supra
699 3693 754 3751 tibi
772 3692 860 3767 paulo
879 3690 1059 3751 ostendimus
1076 3693 1156 3750 ante.

410 3819 415 3832 ·
532 3773 601 3859 (Gn.
622 3780 641 3837 8
660 3797 714 3857 sq,
734 3779 788 3837 To.
808 3778 869 3835 541
889 3771 982 3857 adn).

415 4049 442 4116 1)
460 4046 553 4100 Neum.
579 4048 608 4099 et
630 4045 675 4112 qni
697 4061 758 4097 enm
782 4048 930 4112 sequnntur
956 4043 1082 4107 „indicia”
1103 4043 1266 4110 intellegunt
1286 4058 1368 4110 „quae
1385 4042 1456 4097 indi·

328 4120 448 4182 cantur“‚
473 4131 532 4170 cum
550 4114 760 4181 intellegendum
777 4114 899 4167 videatur
923 4129 1008 4180 „quae
1030 4113 1174 4168 indicant“.
1202 4143 1237 4152 -
1263 4111 1336 4166 lilius
1366 4113 1455 4167 conie-

301 4229 307 4238 ,
329 4193 419 4243 ctnrae
437 4186 464 4239 id
483 4199 585 4252 quoque
604 4181 746 4238 obiecerim
765 4182 896 4250 particula
908 4188 968 4243 „ve“
980 4198 1035 4235 non
1050 4182 1198 4249 iungendos
1217 4196 1276 4235 esse
1293 4181 1454 4235 sententias:

328 4257 392 4324 quid
413 4255 495 4309 fausti
517 4252 655 4321 praedicat
676 4250 715 4303 vis
738 4250 788 4303 teli
810 4251 915 4319 quidve
938 4266 1036 4304 nocere
1062 4254 1142 4318 queat
1158 4249 1278 4316 fulmen,
1302 4250 1350 4303 sed
1366 4249 1455 4318 potius

328 4326 389 4378 has:
415 4339 482 4377 non
506 4325 548 4375 est
571 4363 576 4374 .
597 4362 627 4375 ..
653 4319 806 4388 perquirere
829 4319 928 4382 indicia
944 4320 1067 4387 deorum,
1087 4319 1193 4386 quidve
1216 4317 1297 4372 fausti
1318 4317 1457 4387 praedicat

328 4395 368 4446 vis
385 4393 433 4446 teli
451 4390 506 4444 sive
523 4389 585 4458 quid
602 4405 700 4446 nocere
718 4391 799 4456 queat
815 4387 924 4442 fulmen
