3380 5306
704 446 873 504 „49-

229 615 378 690 captiones
401 613 464 675 fieri
485 613 620 676 effluviis.
644 617 722 676 Nam
743 635 816 696 „cur
834 615 928 692 frigus
949 618 1030 676 calor
1047 618 1146 675 aestus
1158 615 1253 690 magis
1269 634 1350 676 recc-

229 701 300 762 dant
316 721 336 760 a
352 701 448 761 fluviis
466 702 527 760 sole
545 703 640 782 undis,
668 720 754 777 quam
774 721 800 762 e.
823 721 853 778 g.
876 703 914 762 ab
939 702 1092 761 olentibus·
1107 701 1196 760 rebus
1216 719 1349 781 corpora,

229 795 305 861 quae
326 785 447 845 odorem
466 787 604 866 excitant,
622 787 785 849 hiscendist
801 789 881 847 nulla
898 783 1051 863 potestas“
1070 780 1121 867 (cs.
1142 787 1183 846 IV
1199 783 1348 868 54-66).

228 872 296 930 Non
320 871 412 947 igitur
434 872 552 931 videtur
576 872 650 932 haee
678 891 748 948 pars
773 873 934 933 abhorrere
952 891 971 932 a
993 874 1078 949 libro,
1098 872 1148 946 qui
1165 875 1211 931 est
1229 871 1266 930 de
1283 891 1349 932 sen-

228 974 310 1016 suum
320 957 567 1032 perceptionibus.
596 959 840 1033 Negaturautem
866 977 931 1018 eam
957 959 1105 1034 pertinere
1127 956 1165 1016 ad
1186 958 1350 1017 celerem

228 1046 364 1101 motum
381 1043 612 1103 simulacrorum.
635 1044 674 1104 st
691 1043 748 1104 hoc
766 1049 854 1119 eaput
871 1045 1036 1104 absolutum
1054 1046 1100 1102 est
1117 1061 1146 1102 v.
1167 1042 1245 1120 2153
1264 1043 1349 1118 eique

228 1129 376 1188 clausulae
400 1130 466 1187 loco
489 1129 705 1204 subiunguntur
730 1148 778 1189 vv.
799 1131 871 1189 216.
893 1132 941 1208 17,
967 1147 1055 1190 versu
1077 1133 1176 1188 autom
1195 1129 1257 1186 218
1274 1129 1350 1189 ratio

227 1213 456 1292 simulacrorum,
484 1231 559 1288 quae
584 1216 683 1276 oculos
707 1216 837 1294 laedunt,
860 1214 1038 1276 transfertur
1058 1212 1097 1294 ad
1115 1218 1215 1274 cetera
1232 1213 1351 1274 effluvia

227 1292 302 1379 (219
327 1299 445 1359 fluunt.
465 1343 473 1360 .
492 1300 607 1379 odores,
633 1303 693 1358 221
719 1318 809 1360 voces
835 1300 961 1361 volitant
983 1319 1039 1376 per
1063 1317 1159 1377 auras,
1187 1301 1248 1357 222
1267 1299 1298 1358 in
1317 1318 1350 1359 os

227 1385 309 1443 venit
331 1403 415 1444 umor
439 1381 583 1468 saporis);
612 1391 700 1462 atque
726 1385 812 1446 huius
836 1387 1070 1461 quidempartis
1088 1403 1201 1444 summa
1218 1403 1349 1460 compre·

224 1469 364 1529 henditur
380 1489 429 1530 vv.
449 1472 510 1530 225
528 1488 594 1546 sqq.
618 1465 723 1552 (usque
741 1471 816 1531 adeo
834 1475 872 1533 ab
891 1473 1025 1532 omnibus
1043 1471 1131 1531 rebus
1149 1487 1198 1530 res
1216 1488 1350 1545 quaeque

225 1554 348 1615 fluenter
383 1554 476 1616 fertur
495 1557 572 1634 sine
600 1575 683 1616 mora
710 1575 746 1616 ae
773 1559 891 1636 requie,
929 1559 1067 1633 quoniam
1106 1556 1203 1616 omnia
1235 1573 1351 1631 semper

226 1658 347 1700 cernere
372 1641 489 1701 odorari
513 1643 582 1702 lieet
607 1647 637 1702 et
656 1644 766 1702 sentire
789 1637 919 1726 sonare).
938 1677 980 1688 -
999 1643 1081 1717 Quae
1106 1641 1236 1701 sirecte
1260 1659 1349 1716 expo-

225 1726 283 1786 sita
317 1730 400 1805 sunt,
429 1745 489 1804 vv,
519 1727 556 1788 de
585 1728 691 1802 quibus
719 1729 843 1807 agimus,
866 1730 897 1790 in
926 1730 945 1789 1.
971 1730 1012 1789 IV
1040 1747 1093 1789 suo
1122 1731 1239 1787 exstant
1267 1729 1349 1807 loeo,

226 1811 296 1887 quin
323 1812 430 1871 iustam
454 1813 542 1872 etiam
566 1815 666 1874 sedem
691 1819 811 1874 teneant
832 1814 863 1874 in
889 1815 908 1873 l.
928 1815 978 1894 VI,
1001 1832 1086 1874 nemo
1104 1830 1242 1888 umquam
1265 1813 1349 1874 dubi-

224 1897 310 1956 tavit.
359 1897 417 1956 Hic
443 1897 519 1958 enim
543 1917 643 1958 eorum
669 1916 725 1974 ope
750 1917 792 1960 sc.
816 1899 940 1961 effluviis
966 1901 1130 1975 explicatur
1153 1898 1203 1972 qui
1227 1899 1351 1973 Magnes

226 1983 302 2058 lapis
335 1981 444 2042 ferrum
479 1985 587 2044 ducere
623 1985 727 2060 possit.
780 1985 843 2047 lam
871 2001 981 2061 quaeso
1009 1990 1180 2061 reputemus
1208 1984 1246 2043 ad
1276 1983 1352 2042 hano

226 2086 289 2127 rem
314 2069 412 2128 omnia
434 2071 570 2145 exempla
592 2069 775 2131 effluviorum
802 2072 916 2146 pariter
948 2070 1170 2131 accommodata
1192 2086 1274 2147 esse,
1303 2071 1352 2128 vel

226 2153 325 2228 potins
364 2153 476 2228 frigore
513 2155 666 2215 fluviorum
707 2157 805 2215 calore
841 2157 911 2216 solis
945 2161 1029 2218 aestu
1064 2156 1209 2216 undarum
1243 2156 1351 2214 clarius

227 2239 420 2302 demonstrari
446 2241 536 2301 ctiam
560 2241 597 2300 de
619 2240 698 2301 ferro
725 2241 843 2300 effluvia
870 2260 958 2318 posse
984 2242 1124 2302 recedere
1150 2257 1238 2315 quam
1263 2257 1290 2298 e.
1320 2257 1350 2314 g.

228 2325 318 2384 odore
345 2329 375 2384 et
404 2327 512 2404 sonitu,
540 2344 616 2400 quae
641 2326 759 2386 effluvia
784 2345 850 2388 esse
875 2329 991 2388 illorum
1016 2328 1132 2387 demum
1157 2327 1291 2400 exemplo
1320 2326 1351 2384 in

227 2410 372 2490 versibus,
396 2427 469 2484 quos
485 2416 654 2490 tractamus,
674 2411 869 2473 confirmatur.
913 2414 994 2487 Ergo
1017 2413 1047 2472 in
1070 2415 1089 2473 l.
1109 2411 1149 2474 Vl
1173 2410 1203 2469 hi
1225 2431 1274 2470 vv.
1293 2429 1351 2470 non

227 2495 363 2572 primitus
386 2497 481 2556 locum
506 2502 743 2577 occupaverunt;
765 2499 819 2558 sed
836 2499 946 2574 requiri
968 2499 1000 2557 in
1022 2516 1057 2558 eo
1074 2499 1222 2559 videntur.
1266 2497 1351 2556 Unde

228 2599 411 2656 consequens
430 2587 475 2642 est
491 2587 615 2658 utroque
632 2584 698 2643 loco
717 2601 768 2644 eos
786 2584 889 2645 deberi
907 2585 1055 2645 Lucretio.

314 2667 442 2741 Quodsi
460 2670 615 2744 probatum
633 2673 686 2748 est,
705 2669 736 2729 iu
753 2689 801 2730 vv.

312 2753 492 2812 1926-50
514 2776 550 2805 =
570 2755 733 2814 1111-25

228 2831 255 2918 (Ι
273 2838 335 2896 950
354 2857 413 2915 qua
430 2844 543 2901 constet
560 2844 676 2915 compta
694 2839 797 2920 ligura,
823 2841 863 2902 IV
883 2842 922 2900 25
948 2858 983 2900 ae
1002 2841 1148 2915 persentis
1171 2836 1351 2921 utilitatem),

228 2924 265 2982 de
284 2925 390 2998 quibus
408 2942 474 2985 oum
491 2927 548 3002 ipsi
566 2927 738 2986 decertandi
756 2927 901 2986 rationem
917 2945 977 2985 non
994 2927 1158 3001 praebeant
1173 2925 1223 2985 diu
1239 2926 1351 2985 dissen-

227 3010 305 3068 tiunt
328 3009 460 3070 homines
485 3012 573 3090 docti,
599 3031 658 3071 nou
676 3011 784 3074 diutius
806 3011 1011 3071 remorandum
1030 3016 1085 3070 est.
1130 3011 1245 3070 Etenim
1265 3011 1291 3070 si
1309 3011 1351 3069 eis

227 3095 258 3153 in
282 3113 356 3169 quos
382 3095 586 3170 inquisivimus
611 3097 745 3156 versibus
769 3097 857 3157 Lucr.
884 3114 990 3156 revera
1008 3095 1053 3156 bis
1070 3096 1102 3155 in
1119 3096 1245 3155 diversis
1263 3114 1351 3171 argu-

228 3181 333 3239 mentis
351 3198 421 3240 usus
440 3186 496 3260 est,
521 3199 573 3242 cur
595 3182 650 3241 hos
673 3181 785 3268 iterare
802 3182 953 3258 dubitarit,
977 3197 1095 3241 cansam
1116 3181 1168 3239 vix
1184 3181 1351 3254 indagabis.

228 3266 296 3325 Non
314 3266 433 3341 quidem
449 3268 526 3328 sicut
543 3267 586 3327 illi
604 3267 768 3328 inserviunt
784 3268 841 3343 ipsi
860 3267 1069 3344 disputationi;
1088 3267 1140 3326 sed
1158 3266 1183 3324 si
1201 3266 1352 3325 exordium

228 3351 297 3411 libri
321 3352 362 3411 VI
385 3370 404 3411 a
429 3352 566 3414 Lucretio
591 3352 754 3430 perfectum
780 3359 825 3414 est
851 3349 903 3435 (of.
933 3371 983 3428 pg.
1009 3348 1080 3433 47),
1106 3351 1195 3411 etiam
1219 3351 1288 3411 libri
1311 3352 1353 3412 IV

229 3438 382 3497 exordium
399 3439 437 3497 ab
455 3457 491 3498 eo
508 3440 703 3516 perscriptum
722 3457 787 3500 esse
805 3440 905 3515 colligi
922 3439 1000 3498 licet.
1045 3439 1079 3496 In
1096 3438 1116 3497 l.
1135 3438 1150 3495 I
1167 3441 1265 3496 tamen
1286 3437 1352 3494 illos

229 3542 277 3581 vv.
296 3523 431 3597 primitus
449 3523 542 3584 locum
561 3524 700 3588 habuisse
717 3543 775 3586 non
793 3544 848 3600 per
865 3543 897 3585 se
915 3528 1028 3584 tantum
1047 3523 1201 3598 probabile
1219 3527 1274 3600 est,
1298 3521 1352 3582 sed

230 3607 349 3668 difficile
361 3610 548 3690 perspicitur,
568 3628 619 3670 our
636 3628 749 3688 versus,
768 3613 859 3670 semel
877 3615 947 3684 apte
964 3609 1053 3684 positi
1068 3609 1099 3666 in
1114 3608 1210 3667 fronte
1222 3608 1291 3668 libri
1301 3609 1351 3684 IV,

229 3700 333 3769 postea
357 3695 460 3754 inserti
486 3697 544 3756 sint
569 3696 599 3756 in
623 3696 713 3755 alium
737 3696 858 3774 librum,
884 3696 934 3756 ubi
960 3712 1019 3752 non
1043 3695 1218 3767 perturbant
1233 3691 1353 3768 quidem

231 3780 437 3853 disputationis
464 3782 610 3860 ordinem,
636 3798 822 3856 nequaquam
844 3785 944 3840 tamen
968 3778 1154 3856 flagitantur,
1177 3783 1281 3838 contra
1303 3778 1353 3852 qui

230 3863 338 3925 factum
362 3866 402 3926 sit
423 3871 454 3925 ut
476 3872 565 3942 polita
584 3867 615 3926 in
638 3866 762 3926 materia
778 3883 837 3924 non
859 3871 920 3925 tam
937 3864 1053 3942 poetica
1072 3882 1159 3938 quam
1176 3862 1353 3938 philosopha

231 3969 328 4028 „quae
345 3953 517 4028 plerumque
535 3951 654 4012 videtur
669 3951 783 4012 tristior
800 3949 887 4011 esse“
913 3969 963 4010 eos
985 3951 1080 4026 primo
1103 3966 1190 4008 cursu
1207 3950 1354 4009 intexeret

216 4035 261 4116 ,in
278 4039 298 4096 l.
316 4039 331 4095 Ι
348 4056 433 4097 nemo
452 4038 556 4112 opinor
575 4057 633 4097 non
651 4037 822 4112 persentiet.

316 4207 398 4267 Haec
415 4207 479 4266 iere
497 4214 564 4267 suut
581 4209 612 4267 in
631 4209 759 4268 carmine
773 4208 950 4267 Lucretiano
968 4208 1085 4266 iterata.
1116 4206 1199 4279 Quae
1217 4205 1353 4278 quoniam

230 4291 369 4352 Lucretio
387 4293 565 4352 vindicanda
583 4312 648 4353 csse
665 4294 751 4353 nobis
768 4294 922 4370 videntur,
951 4293 1099 4368 plerisque
1123 4296 1220 4351 autem
1245 4290 1354 4349 criticis

231 4376 396 4458 displicent,
410 4396 506 4453 neque
522 4379 636 4459 iniuria,
653 4381 676 4438 si
689 4380 727 4438 ad
738 4379 903 4438 severiores
914 4379 1078 4437 venustatis
1090 4379 1171 4452 leges
1185 4376 1351 4456 exiguntur,

1132 4473 1150 4528 4
