3380 5306
825 403 995 462 ,18-

388 572 534 651 convenit,
544 571 622 633 'inde
641 590 730 649 super
746 578 842 634 terras
863 576 927 634 fluit
944 574 1061 650 agmine
1073 575 1168 654 dulci,

299 725 300 728 Ἴ
388 678 445 736 qna
463 659 513 718 via
531 664 613 718 secta
630 663 721 718 semel
740 661 850 734 liquido
869 661 945 737 pede
964 661 1069 720 detulit
1085 663 1180 722 undas

430 741 500 827 (Gn.
520 746 560 802 39
579 762 656 822 sqq,
675 746 731 804 To.
750 745 822 825 547,
836 748 891 805 Br.
911 743 986 828 203)

345 850 478 893 seorsum
495 835 618 905 possunt
632 831 706 891 tolli.
732 832 842 892 lterum
858 831 963 891 Gneo
979 831 1119 911 confugit,
1138 838 1171 893 ut
1185 833 1326 892 maiorem
1345 840 1467 914 partem,

345 935 470 993 quacum
494 917 599 975 conexi
622 922 689 976 sunt
713 912 774 998 (vr.
800 918 827 975 V
852 913 1051 999 235-323),
1077 919 1285 994 interpolatam
1310 937 1375 980 5555
1401 939 1468 980 555-

344 1002 455 1063 tendat.
499 1002 684 1078 Argumenta
701 1008 816 1081 tamen,
836 1004 867 1062 in
886 1004 992 1078 quibus
1010 1004 1129 1081 nititur,
1148 1024 1167 1064 a
1184 1004 1292 1064 Tohtio
1311 1007 1383 1066 satis
1402 1024 1468 1066 oon-

343 1088 437 1149 fntata
454 1091 537 1166 sunt,
563 1105 659 1161 neque
677 1089 838 1164 quidquam
855 1088 963 1148 addam
985 1089 1041 1148 nisi
1057 1089 1211 1149 interiores
1230 1090 1348 1164 quidem
1366 1110 1469 1152 versus
1493 1121 1499 1130 ·

343 1174 374 1233 in
392 1177 411 1233 l.
431 1175 456 1232 V
474 1174 523 1232 vel
540 1173 676 1247 primitus
697 1174 769 1233 mihi
789 1173 885 1234 videri
905 1175 1032 1249 scriptos
1050 1193 1126 1236 esse.
1169 1177 1203 1234 In
1222 1176 1278 1235 hoc
1297 1178 1375 1237 enim
1391 1179 1468 1238 libro

344 1265 413 1335 apte
432 1260 475 1319 eis
500 1259 661 1318 illustratur
684 1260 780 1319 maria
805 1261 941 1321 continuo
964 1277 1143 1321 crescere
1169 1268 1205 1321 et
1226 1262 1374 1341 imminui,
1399 1265 1429 1322 in
1447 1266 1468 1324 1.

343 1347 385 1405 Vl
402 1350 509 1423 autem,
528 1345 579 1404 ubi
596 1345 628 1403 id
644 1363 732 1404 unum
752 1347 916 1421 explicatur
938 1341 1020 1428 (inde
1038 1365 1103 1406 av.
1124 1342 1199 1427 608)
1224 1365 1275 1406 cur
1300 1350 1394 1414 maria
1418 1350 1468 1409 de-

344 1449 431 1491 cursu
455 1448 597 1506 aquarum
618 1449 691 1490 non
713 1432 992 1510 adaugesoant,
1018 1433 1111 1492 verba
1145 1434 1233 1511 „inde
1262 1451 1350 1508 super
1374 1441 1469 1495 terras

342 1517 405 1576 fluit
423 1517 540 1591 agmine
551 1514 645 1593 dulci,
665 1533 724 1591 qua
741 1518 790 1576 via
808 1521 889 1577 secta
907 1521 998 1576 semel
1011 1518 1122 1593 liquido
1138 1518 1214 1594 pede
1231 1519 1336 1580 detulit
1353 1518 1467 1581 undas“

343 1607 424 1662 oerte
446 1619 504 1660 non
527 1601 724 1676 requiruntur.
769 1603 953 1677 Quamquam
981 1621 1018 1662 ex
1042 1603 1098 1662 hac
1123 1605 1296 1664 dilatatione
1322 1625 1380 1666 non
1403 1609 1468 1682 plus

343 1688 512 1762 collegerim
541 1704 627 1761 quam
654 1689 733 1763 quod
755 1690 794 1746 ad
821 1690 916 1748 locum
939 1689 1110 1764 primarium
1135 1690 1273 1765 pertinet.
1302 1727 1339 1734 —
1364 1694 1468 1753 Moneo

343 1773 562 1832 Lachmannum
579 1791 627 1831 vv.
648 1773 688 1832 Vl
707 1775 853 1832 608-38
872 1775 1028 1833 embolium
1047 1792 1113 1834 5555
1132 1776 1290 1835 censuisse.

427 1860 489 1940 Iam
507 1859 640 1916 venimus
658 1860 697 1918 ad
714 1860 914 1938 repetitiones,
939 1877 1015 1936 quae
1033 1861 1174 1920 orationis
1192 1861 1286 1921 forma
1306 1864 1400 1922 minus
1418 1865 1468 1923 de-

341 1944 514 2022 fenduntur,
533 1949 583 2003 aut
602 1945 695 2002 altero
714 1950 780 2004 utro
798 1949 913 2005 tantum
931 1947 1011 2025 loco,
1030 1947 1132 2022 itaque
1152 1965 1205 2022 per
1226 1965 1257 2006 se
1276 1950 1357 2008 solae
1376 1949 1466 2010 addu-

342 2031 454 2091 bitatae
472 2034 547 2089 sunt.

426 2135 475 2175 vv.
495 2116 535 2175 Vl
553 2114 701 2173 251-54
721 2116 821 2174 :IV
842 2117 987 2175 170-73

581 2205 643 2260 tum
661 2219 715 2276 per
733 2204 825 2261 totum
845 2206 1037 2261 concrescunt
1059 2208 1131 2262 atra
1149 2205 1242 2264 nubes

342 2286 403 2346 251
423 2287 553 2361 undique
566 2281 599 2367 ¹),
618 2287 662 2345 uti
682 2288 820 2346 tenebras
836 2288 930 2347 omnis
942 2286 1111 2346 Acherunta
1125 2306 1243 2348 reamur
1254 2285 1297 2372 (in
1308 2290 1349 2348 lV
1361 2287 1468 2373 rearis)

428 2373 548 2448 liquisse
568 2375 597 2431 et
615 2390 738 2447 magnas
757 2374 832 2432 caeli
851 2375 1013 2448 complesse
1033 2391 1187 2434 cavernas.

428 2476 520 2532 usque
539 2459 613 2516 adeo
633 2462 710 2517 tetra
728 2458 893 2519 nimborum
911 2465 997 2518 nocte
1017 2464 1118 2519 coorta

343 2542 405 2601 254
427 2543 598 2618 impendent
613 2547 696 2603 atrae
715 2542 877 2604 formidinis
896 2563 949 2603 ora
967 2563 1103 2623 superne,

428 2647 493 2687 cum
512 2629 672 2687 commoliri
690 2634 851 2704 tempestas
869 2628 991 2688 fulmina
1009 2635 1137 2705 coeptat.

341 2716 387 2772 De
416 2713 462 2772 his
498 2714 561 2772 fere
594 2731 695 2773 omnes
729 2715 929 2774 assentiuntur
961 2717 1203 2774 Bockemuellero
1234 2717 1263 2775 in
1295 2717 1315 2776 l.
1345 2718 1386 2776 Vl
1417 2736 1467 2778 eos

342 2799 461 2882 delenti,
481 2800 551 2874 quia
570 2800 734 2873 particulae
755 2797 853 2879 „tum“
871 2800 934 2859 250
953 2806 982 2860 et
998 2799 1104 2878 „cum“
1120 2801 1180 2859 255
1199 2803 1278 2861 inter
1295 2820 1327 2862 55
1345 2822 1466 2879 respon-

342 2886 446 2944 dentes
465 2886 508 2945 eis
527 2885 713 2944 divellantur.
739 2885 834 2956 Quam
852 2887 970 2960 quidem
987 2887 1177 2946 offensionem
1195 2887 1299 2947 Munro
1318 2907 1353 2947 eo
1371 2907 1465 2950 remo-

340 2972 384 3030 vit
406 2971 485 3046 quod
509 2989 557 3029 vv.
581 2972 653 3029 253.
677 2972 697 3028 4
722 2975 872 3046 tamquam
897 2977 1062 3032 structurae
1086 2973 1208 3033 liberius
1233 2973 1423 3049 interpositos
1449 2995 1467 3034 5

342 3058 449 3116 ceteris
467 3056 597 3116 seclusit.
634 3056 693 3116 Sed
711 3057 785 3116 haec
803 3058 942 3132 periodus
961 3059 1056 3117 minus
1074 3059 1194 3134 elegans
1213 3059 1347 3138 videtur3
1366 3061 1467 3137 itaque

341 3143 371 3202 in
389 3143 603 3218 distinguendis
619 3143 773 3203 sententiis
789 3142 1008 3202 Lachmannum
1025 3145 1108 3219 sequi
1126 3145 1234 3204 malim.
1265 3146 1326 3204 Iam
1349 3147 1467 3221 quidem

341 3247 399 3287 non
418 3233 515 3288 exstat
530 3247 588 3303 quo
607 3228 710 3287 tendat
726 3229 799 3288 illud
819 3228 938 3308 „tum“;
957 3231 1010 3288 sed
1029 3231 1095 3305 quis
1113 3249 1171 3289 non
1189 3235 1295 3305 sponte
1313 3232 1468 3308 intelleget

344 3349 381 3356 —
404 3332 480 3389 quae
499 3314 644 3374 sententia
662 3333 690 3372 v.
710 3313 771 3372 255
791 3315 965 3389 exprimitur
985 3349 1020 3356 —-
1050 3321 1132 3392 „turn
1151 3334 1216 3374 cum
1233 3321 1394 3391 tempestas
1412 3318 1467 3377 ful-

340 3400 419 3458 mina
438 3398 569 3459 mittin?
614 3399 701 3459 Certe
720 3401 855 3474 quoniam
878 3400 908 3458 vi
927 3400 1054 3474 quadarn
1073 3401 1192 3460 effertur
1214 3400 1334 3462 fulmina
1354 3422 1370 3462 5
1388 3422 1466 3464 cras-

341 3486 381 3544 sis
402 3485 519 3558 alteque
541 3487 682 3545 extructis
700 3485 825 3544 nubibus
845 3485 938 3564 gigni,
963 3505 1021 3544 non
1040 3503 1077 3544 ex
1094 3487 1201 3546 leviter
1219 3488 1327 3567 densis,
1353 3507 1466 3569 versus,

341 3571 391 3646 qui
409 3570 574 3645 depingunt
592 3576 733 3646 quantum
758 3570 973 3645 dispendantur
995 3573 1087 3632 nubes
1110 3577 1286 3647 tempestate
1305 3581 1421 3653 coorta,
1449 3595 1467 3634 a

339 3659 404 3717 loco
422 3656 511 3716 alieni
528 3655 646 3716 minime
664 3658 811 3716 videntur.
858 3657 917 3717 Sed
941 3658 970 3717 in
997 3659 1017 3716 l.
1036 3659 1077 3717 IV
1094 3659 1230 3733 primitus
1256 3677 1307 3718 eos
1331 3662 1467 3721 existimo
1502 3703 1506 3710 ·

340 3743 465 3817 scriptos
483 3759 558 3802 esse.
603 3743 678 3802 Nam
704 3760 880 3819 quamquam
905 3761 963 3803 non
989 3744 1084 3803 minus
1105 3749 1269 3819 opportune
1293 3746 1336 3805 ita
1361 3747 1468 3807 dicitur

339 3828 370 3888 in
401 3829 420 3886 l.
451 3828 507 3888 v1:
545 3830 638 3888 nubes
665 3835 925 3889 concrescunt
957 3829 1102 3908 undique,
1132 3835 1164 3889 ut
1196 3848 1296 3890 omnes
1327 3833 1466 3892 tenebras

339 3913 509 3972 Acherunta
533 3914 709 3987 liquisse*
723 3932 849 3993 reamur,
878 3933 963 3990 quam
982 3916 1012 3973 in
1030 3916 1089 3974 IV:
1113 3915 1209 3975 subito
1235 3921 1395 3991 tempestas
1418 3918 1467 3977 fit

339 3999 459 4058 turbida
487 3997 589 4077 foede,
620 4003 652 4058 ut
680 4001 820 4059 tenebras
844 4000 1016 4060 Acherunta
1040 4002 1208 4075 liquisse
1232 4003 1343 4079 rearis,
1367 4008 1466 4064 tamen

339 4090 422 4143 recte
439 4084 556 4143 videtur
574 4087 676 4144 Munro
695 4085 877 4144 Lachmanni
894 4087 1070 4146 sententiam
1088 4086 1260 4167 repudiare,
1289 4090 1339 4164 qui
1357 4108 1406 4148 vv.
1426 4091 1467 4150 IV

342 4169 487 4229 168-75
512 4174 541 4229 et
562 4171 621 4229 179
640 4175 744 4246 postea
762 4171 888 4232 insertos
908 4189 973 4231 esse
991 4172 1126 4233 credidit.

426 4355 454 4423 1)
471 4352 511 4408 ita
527 4353 761 4408 Bookemuellerus
778 4355 951 4409 verberante
968 4355 1076 4410 videtur
1092 4355 1211 4424 iungere.
1229 4423 1233 4430 ῃ
