3380 5306
721 459 888 515 ..23-

242 644 312 686 usus
331 632 376 687 est
392 629 552 707 literarum,
572 647 649 704 quae
668 633 699 687 et
717 627 898 686 comoediam
918 628 1129 687 constituerent
1140 632 1170 686 et
1186 627 1370 703 tragoediam

243 707 377 792 (Aristot.
396 714 433 774 de
452 732 520 790 gon.
539 720 569 775 et
586 731 662 774 corr.
682 713 786 791 315,2
803 710 924 790 selu).
953 713 989 772 lli
1008 713 1097 787 igitur
1115 717 1180 773 erat
1198 718 1290 773 totum
1306 732 1368 774 cor-

242 815 297 873 pus
319 798 470 859 literarum
489 817 601 860 summa
623 799 738 875 parium
757 800 975 860 clementorum.
1020 799 1116 858 Aliter
1139 800 1292 877 Lucreti03
1320 801 1370 874 qui

242 883 418 960 ubicumque
437 888 572 961 exemplo
590 885 741 946 literarum
758 885 859 961 utitur,
878 884 1010 959 singulas
1029 884 1132 944 literas
1157 887 1220 944 vult
1238 903 1303 945 esse
1326 885 1369 945 di-

244 985 330 1029 versa
348 971 501 1032 elementa.
544 973 559 1030 Ι
577 973 637 1029 912
658 987 723 1045 sqq.
742 969 818 1028 euim
838 970 910 1028 dicit
928 972 1073 1030 elementa
1090 969 1238 1029 nominum
1254 968 1367 1048 „ligni“

243 1058 273 1113 et
306 1054 424 1133 „ignis“
461 1057 624 1116 maxima
661 1075 704 1116 ex
738 1059 851 1130 parte
879 1055 983 1115 eadem
1017 1073 1100 1133 esse;
1136 1055 1225 1114 simili
1256 1057 1370 1118 ratione

243 1141 337 1199 1823
356 1159 422 1217 sqq.
446 1143 545 1202 multis
568 1142 668 1201 verbis
690 1142 733 1200 ait
756 1143 874 1199 multa
899 1142 1046 1199 elementa
1068 1159 1134 1200 esse
1157 1142 1320 1201 communia
1341 1147 1370 1201 et

242 1225 271 1283 11
296 1228 377 1285 1013
408 1245 474 1302 sqq.
507 1231 652 1287 elementa
679 1228 836 1286 verborum
863 1226 1025 1285 maxima
1053 1244 1097 1285 ex
1124 1231 1236 1302 parte
1266 1229 1370 1287 eadem

243 1328 317 1372 esse.
340 1313 394 1372 His
412 1314 484 1373 locis
504 1314 632 1389 explicat
649 1317 739 1389 poeta
757 1313 860 1371 cadem
878 1309 941 1370 lere
959 1312 1119 1386 primordia
1138 1311 1254 1372 efficere
1273 1314 1369 1372 diver-

243 1415 292 1456 sas
312 1415 360 1458 res
378 1395 472 1479 (velut
491 1399 601 1471 lignum
620 1404 650 1458 et
666 1399 774 1476 ignem,
802 1397 913 1456 caelum
932 1415 1013 1456 mare
1031 1403 1125 1457 terras
1143 1398 1262 1458 flumina
1280 1400 1370 1458 solem

245 1487 334 1558 atque
352 1484 453 1560 fruges
478 1486 599 1544 mbusta
623 1478 799 1565 animantes)
825 1488 854 1542 et
872 1484 1005 1544 diversas
1023 1485 1235 1559 proprietates:
1262 1485 1371 1544 formas

246 1570 360 1630 colores
378 1587 493 1630 sensus.
537 1569 746 1630 Verumtamen
770 1587 871 1628 omnes
895 1586 943 1629 res
967 1569 1106 1629 docemur
1128 1574 1263 1632 constare
1285 1588 1370 1645 per-

245 1654 363 1714 mixto
386 1656 506 1716 semine.
551 1655 693 1715 Gramina
726 1655 803 1714 enim
832 1659 863 1715 et
894 1655 1013 1715 flumina
1041 1655 1101 1714 alia
1129 1655 1279 1716 continent
1312 1657 1370 1715 ele-

233 1745 344 1800 -menta
370 1760 446 1816 quae
471 1742 590 1820 ovibus,
622 1742 682 1802 alia
700 1757 775 1816 quae
794 1741 886 1818 equis,
906 1741 965 1800 alia
984 1758 1059 1816 quae
1077 1741 1176 1800 vaccis
1194 1742 1371 1802 conveniunt

244 1827 272 1883 ΙΙ
291 1827 354 1884 660
372 1845 437 1903 sqq.
451 1823 484 1906 ¹).
528 1827 626 1901 Atque
644 1827 719 1886 haec
737 1827 856 1901 quidem
874 1827 1019 1886 sententia
1037 1827 1209 1901 discrepans
1230 1827 1369 1902 quodam-

244 1911 332 1972 modo
358 1930 421 1972 oum
445 1913 497 1970 illa
520 1913 689 1990 superiore,
722 1913 751 1969 ΙΙ
775 1912 836 1970 688
856 1930 921 1987 sqq.
942 1911 1046 1971 eodem
1063 1912 1214 1971 literarum
1235 1916 1370 1989 exemplo

244 1997 425 2057 illustratur:
445 2015 547 2058 versus
566 2017 602 2058 ac
619 1998 712 2058 verba
730 2014 767 2055 ex
785 1997 912 2057 diversis
931 2002 1066 2057 constant
1083 1998 1236 2058 elementis
1256 2033 1288 2042 -
1312 2017 1369 2058 non

244 2101 302 2157 qno
327 2081 401 2144 haec
427 2084 524 2143 omnia
548 2085 625 2144 inter
650 2102 683 2143 se
712 2083 858 2161 differant,
885 2085 939 2142 sed
965 2084 1035 2159 quia
1062 2101 1121 2142 non
1145 2083 1243 2143 omnia
1267 2086 1370 2144 eadem

244 2173 319 2228 sunt.
355 2203 396 2212 -
432 2170 500 2229 Non
535 2169 590 2229 hoc
628 2169 793 2244 exemplum
828 2168 965 2244 displicet
998 2168 1155 2245 dupliciter
1187 2175 1368 2249 usurpatum,

244 2272 345 2314 verum
368 2255 531 2315 sententiae
557 2273 591 2315 eo
617 2255 781 2315 illustratae
803 2256 909 2314 merito
931 2255 1081 2315 mirabiles
1103 2255 1249 2314 videntur.
1285 2255 1368 2314 Nihi-

243 2340 367 2400 lominus
394 2340 507 2401 duobus
531 2343 670 2419 locorum,
695 2358 769 2415 quos
794 2341 893 2419 citavi,
919 2340 1247 2420 suspectumhabetur;
1270 2341 1369 2402 ineos

243 2426 302 2485 iam
321 2426 512 2501 inquiramus.

387 2513 603 2571 111013-22

391 2596 467 2670 Quin
486 2598 575 2658 etiam
592 2597 683 2657 refert
702 2596 808 2658 nostris
826 2597 857 2656 in
875 2597 1009 2658 versibus
1030 2597 1103 2671 ipsis

388 2701 453 2742 cum
471 2684 576 2758 quibus
595 2689 624 2744 et
643 2684 723 2759 quali
741 2684 800 2742 sint
817 2684 921 2742 ordine
939 2700 1073 2759 quaeque
1094 2683 1200 2744 locata.

288 2769 369 2828 1015
388 2787 514 2844 namque
530 2771 633 2830 eadem
652 2770 764 2829 caelum
783 2788 864 2828 mare
882 2773 978 2828 terras
996 2767 1115 2828 flumina
1133 2772 1225 2830 solem

388 2854 556 2930 significant
574 2857 677 2916 eadem
695 2855 795 2930 fruges
814 2857 935 2915 arbusta
953 2855 1121 2914 animantis.

389 2941 415 2999 si
436 2959 496 3000 non
516 2943 614 3001 omnia
632 2945 708 3019 sunt,
730 2945 761 2999 at
778 2942 870 3000 multo
889 2941 1016 3000 maxima
1033 2959 1103 3015 pars
1122 2947 1168 3002 est

390 3027 565 3086 consimilis:
584 3045 686 3086 verum
702 3026 836 3102 positura
854 3026 1046 3100 discrepitant
1065 3044 1123 3086 res.

391 3110 434 3170 sic
451 3111 524 3187 ipsis
543 3113 572 3171 in
587 3114 675 3173 rebus
692 3112 763 3171 item
780 3112 839 3170 iam
857 3112 991 3170 materiai

245 3283 450 3291 -—..--.-—

332 3382 360 3450 1)
377 3381 438 3435 Non
455 3381 538 3448 igitur
555 3379 668 3434 eadem
687 3377 820 3433 elementa
838 3377 940 3433 diverso
958 3383 1032 3433 motu
1050 3379 1172 3447 positura
1186 3382 1237 3434 cet.
1255 3379 1371 3434 diversas

245 3465 288 3503 res
315 3449 488 3516 comtiturmt,
517 3449 564 3502 sed
593 3447 709 3511 „semina
736 3448 867 3501 ardoris
894 3448 972 3516 paulo
998 3450 1071 3502 inter
1097 3464 1125 3502 se
1149 3453 1253 3502 mutata
1278 3454 1372 3504 creant

245 3519 322 3585 ignes
339 3522 368 3572 et
381 3519 497 3586 lignum¹⁴
518 3519 621 3586 (1911)
639 3522 668 3571 et
688 3533 880 3585 „quaecumque
898 3517 954 3585 igni
972 3521 1133 3584 cremantur,
1148 3518 1373 3587 haecincorpore

246 3588 342 3654 celant,
361 3588 432 3640 undo
449 3587 540 3654 ignem
557 3588 645 3641 iacere
663 3591 692 3640 et
709 3585 826 3639 favillam
842 3586 951 3639 mittere
969 3587 1097 3654 possint·‘.
1130 3587 1224 3641 11672
1242 3603 1296 3655 sqq.

246 3656 279 3711 cf.
298 3656 311 3709 I
329 3657 380 3711 812
398 3672 435 3722 sq.
879 3654 975 3707 alimur
990 3671 1039 3710 nos
1358 3681 1363 3690 ·

350 3725 455 3779 certis
472 3725 506 3778 ab
524 3724 611 3790 rebus,
629 3723 709 3778 certis
726 3723 794 3778 aliae
812 3728 892 3790 atque
910 3724 978 3777 aliae
995 3739 1039 3776 res

246 3809 305 3849 curn
324 3796 346 3848 ll
366 3793 418 3847 874
435 3809 490 3861 sqq.
508 3795 657 3846 vertunt
673 3807 703 3845 se
721 3796 833 3846 cunctae
851 3807 906 3846 res:

349 3867 459 3917 vertunt
476 3878 505 3914 se
523 3861 595 3918 fluvii
613 3860 721 3914 frondes
740 3865 768 3915 ot
785 3861 883 3930 pabula
899 3861 972 3914 laeta

279 3941 281 3948 ’
349 3931 378 3985 in
395 3932 518 4000 pecudes,
537 3933 646 3984 vertunt
655 3930 778 4052 tpecudes
796 3929 825 3983 in
843 3945 955 3998 corpora
972 3932 1065 3982 nostra

349 4003 481 4066 naturam,
500 4002 528 4052 et
544 4003 638 4053 nostro

349 4072 496 4136 augescunt
512 4067 582 4121 vires
596 4107 606 4120 ..
626 4109 631 4120 .
652 4109 657 4120 .

351 4153 415 4206 ergo
433 4152 525 4191 omnes
541 4141 639 4190 natura
656 4136 729 4191 cibos
745 4135 773 4189 in
791 4151 903 4204 corpora
920 4136 981 4189 viva

349 4206 455 4260 vertit.
475 4247 481 4259 .
500 4247 506 4259 .

350 4290 406 4328 non
423 4275 476 4328 alia
492 4274 536 4328 lon
555 4289 571 4326 e
589 4273 695 4327 ratione
713 4272 797 4339 adque
815 4271 889 4329 arida
906 4273 981 4341 ligna

350 4344 466 4412 explicat
482 4343 511 4396 in
529 4289 647 4396 liammas
666 4342 740 4396 etin
758 4341 828 4408 ignis
845 4342 935 4395 omnia
952 4343 1047 4394 versat.

247 4412 322 4466 Haec
338 4412 519 4466 inconstantia
535 4411 614 4465 latius
631 4415 715 4480 patet.
734 4409 783 4464 cl.
802 4426 845 4479 pg.
865 4411 899 4464 39
917 4425 953 4478 sq.

673 4015 688 4052 o
706 4014 817 4067 corpore
835 4013 917 4067 saepe
934 3998 1050 4052 ferarum
