3380 5306
707 475 874 534 -53-
952 431 960 442 ’

231 649 390 705 naturae
407 644 488 704 illam
507 663 625 704 caecam
643 649 673 704 et
694 645 825 705 abditam
843 647 904 727 vinu
921 646 1134 725 attribuerent,
1153 647 1256 706 blunro
1274 645 1354 706 deui-

211 733 287 806 'que
310 730 409 807 Baylii
433 732 586 806 amplexus
611 731 788 790 sententiam
818 733 898 790 illam
929 732 1155 791 inconstantiam
1186 732 1256 791 iude
1288 749 1355 806 pro-

230 816 338 876 fectam
357 833 422 875 esse
440 817 605 891 suspicatur
623 815 701 892 quod
719 817 807 876 Lucr.
827 822 987 877 commotus
1017 818 1055 876 sit
1083 818 1209 896 casibus,
1240 817 1356 891 qualem

230 905 372 961 memoret
397 901 501 961 Cicero
523 903 555 961 in
579 903 678 960 Pisou.
705 903 746 959 44
765 897 816 981 (Μ.
835 905 1009 981 Marcellus,
1035 903 1085 977 qui
1103 907 1151 961 ter
1168 904 1270 962 consul
1292 902 1356 978 fuit,

231 987 463 1047 summavirtute
481 987 593 1062 pietate
611 988 707 1062 gloria
724 988 844 1046 militari
862 988 950 1063 periit
968 989 1092 1047 inmari.
1112 987 1150 1048 cf.
1169 988 1235 1047 Liv.
1248 1006 1295 1062 ep.
1308 984 1356 1069 L).

231 1106 273 1117 -
297 1073 379 1132 Nulli
402 1076 500 1132 tamen
525 1089 645 1147 prorsus
667 1072 841 1148 adstipulor.
885 1073 962 1133 Nam
985 1073 1073 1133 etiam
1096 1073 1153 1132 hoc
1176 1074 1242 1132 loco
1267 1073 1356 1132 Lucr.

231 1176 295 1218 curn
314 1157 435 1233 exponit
451 1157 530 1216 unde
547 1159 653 1234 religio
672 1163 737 1217 orta
754 1159 802 1236 sit,
824 1159 857 1217 id
873 1159 1058 1233 potissimum
1075 1176 1166 1234 egere
1184 1157 1300 1218 videtur
1325 1161 1359 1218 ut

230 1242 377 1303 hominum
395 1243 508 1302 animos
528 1262 546 1302 a
563 1247 644 1303 metu
660 1243 798 1303 vindicet.
840 1244 871 1303 Si
889 1244 948 1303 iam
966 1245 1030 1319 ipse
1048 1249 1193 1304 statueret
1214 1249 1266 1304 aut
1283 1243 1299 1302 s
1302 1244 1359 1303 ati

230 1331 290 1389 viru
312 1333 364 1388 aut
381 1333 504 1388 naturae
522 1330 695 1389 abditam
714 1330 788 1407 vim,
815 1347 891 1405 qnae
915 1348 973 1389 nou
998 1329 1094 1389 minus
1115 1347 1256 1404 pavorem
1279 1329 1357 1388 exei-

230 1420 299 1484 tare
312 1419 426 1490 possett'
453 1432 550 1474 nonne
572 1414 651 1475 viam
675 1415 732 1474 sibi
756 1416 924 1474 obstrueret
945 1415 985 1474 ad
1010 1415 1163 1474 consilium
1184 1415 1256 1474 illud
1275 1432 1358 1475 exse-

231 1502 392 1578 quendum,
420 1501 536 1560 etiamsi
560 1501 742 1576 populariter
767 1496 903 1560 diceret?
948 1500 1016 1574 Qua
1039 1501 1076 1558 de
1106 1517 1196 1560 eausa
1226 1500 1359 1560 existimo

231 1586 401 1645 Lucretium
416 1585 446 1644 h.
465 1587 484 1644 l.
504 1585 604 1645 dicere
622 1586 697 1645 sicut

273 1689 313 1748 VI
333 1690 374 1746 70
392 1705 456 1763 sqq.
486 1686 616 1746 delibata
646 1687 731 1746 deum
760 1705 829 1762 per
856 1691 893 1746 te
922 1687 977 1747 tibi
1001 1687 1119 1745 numina
1144 1691 1246 1746 sancta

485 1789 576 1848 saepe
595 1772 737 1851 oberunt;
760 1790 817 1831 non
836 1791 894 1848 quo
913 1773 1018 1832 violari
1037 1790 1150 1832 summa
1168 1773 1254 1832 deum
1271 1773 1317 1832 vis

485 1859 588 1934 possit,
607 1862 641 1917 ut
659 1857 755 1916 exire
773 1875 885 1933 poenas
903 1862 1005 1934 petere
1023 1857 1146 1917 imbibat
1164 1859 1252 1937 acris,

486 1944 538 2004 sed
556 1943 626 2018 quia
644 1946 728 2003 tute
746 1942 802 2005 tibi
819 1944 938 2020 placida
956 1961 1020 2003 cum
1039 1960 1114 2017 pace
1132 1942 1246 2018 quietos

487 2028 710 2088 constitues
733 2046 856 2105 magnos
881 2031 992 2088 irarum
1016 2030 1136 2089 volvere
1159 2029 1264 2088 fluctus
1290 2033 1358 2088 cett.

230 2133 346 2190 Revera
378 2131 469 2206 igitur
499 2131 551 2190 illa
580 2130 625 2190 vis
660 2129 778 2209 abdita,
816 2149 903 2207 quam
942 2132 1060 2207 quidem
1088 2137 1177 2207 poeta
1204 2132 1268 2207 ipse
1300 2149 1359 2191 non

230 2216 372 2294 agnoscit,
392 2217 499 2276 etsi-
514 2216 562 2276 vel
579 2216 678 2291 potius
696 2233 732 2275 eo
750 2216 830 2291 quod
851 2251 887 2258 —
907 2217 1036 2296 fingitur,
1054 2235 1103 2278 res
1121 2219 1262 2278 humanas
1277 2221 1359 2294 opte-

232 2303 270 2361 rit
287 2319 380 2376 usque
398 2303 473 2362 adeo
490 2305 523 2361 ut
542 2303 589 2361 vel
606 2302 813 2376 imperatorin
831 2303 907 2362 mari

275 2406 340 2447 eum
358 2388 464 2447 validis
482 2387 594 2463 pariter
611 2387 777 2462 legionibus
795 2393 884 2462 atque
903 2388 1068 2464 elephantis

234 2472 305 2533 deos
329 2475 467 2547 precibus
492 2471 615 2550 fatiget3
642 2473 692 2546 qui
718 2491 782 2532 cum
806 2473 994 2533 nihilomiuus
1017 2475 1160 2554 intereat,
1186 2473 1218 2534 id
1236 2474 1359 2534 consilio

233 2558 360 2634 quodam
379 2563 409 2616 et
425 2558 553 2618 ludibrio
575 2559 638 2617 sive
656 2557 709 2617 lati
734 2558 797 2617 sive
822 2559 942 2619 deorum
964 2559 1029 2620 fieri
1046 2559 1211 2621 hominibus
1231 2559 1358 2620 videtur.

233 2640 254 2726 (.
275 2688 282 2703 .
303 2689 310 2704 .
329 2644 439 2703 obterit
454 2643 544 2719 igitur
563 2643 609 2702 ris
628 2643 730 2704 abdite
747 2661 823 2719 quae
841 2645 980 2724 ereditur,
998 2646 1062 2706 sive
1076 2647 1190 2725 religio,
1211 2689 1218 2706 .
1238 2690 1246 2705 .
1266 2691 1273 2704 .
1292 2663 1359 2720 pro-

233 2731 350 2799 culcare
368 2734 465 2788 autom
488 2729 607 2788 videtur
623 2728 669 2787 vis
694 2729 795 2789 abdite
812 2725 901 2814 ipsa).
946 2731 1030 2805 Quod
1057 2732 1083 2791 si
1108 2734 1265 2806 probatur,
1293 2749 1359 2790 sen·

233 2816 326 2875 tentia
342 2814 427 2875 burins
444 2814 502 2889 loci
520 2832 579 2873 non
596 2815 638 2873 ita
656 2815 775 2874 diverse
787 2821 832 2874 est
850 2818 888 2876 ab
906 2833 1035 2892 eaquae
1053 2818 1204 2877 antecedit
1222 2818 1357 2875 V1218:

232 2902 346 2961 animus
365 2899 547 2960 contrahitur
564 2898 768 2960 formidine
786 2901 894 2960 divum.
931 2896 981 2982 (cl.
1007 2899 1027 2961 1'
1040 2904 1129 2966 one
1152 2901 1279 2962 humana
1296 2901 1359 2961 vita

232 2987 350 3047 iacebat
378 3004 522 3063 oppressa
550 2985 636 3061 gravi
665 2986 719 3045 sub
747 2987 966 3065 religione,
996 2988 1079 3047 178.
1102 2991 1119 3046 9
1146 3006 1224 3048 nune
1253 2988 1359 3063 religio

233 3071 362 3132 vicissim
381 3073 542 3149 optentur,
570 3067 732 3150 „optrivit“
751 3071 843 3145 igitur
861 3076 949 3132 antea
966 3072 1032 3147 ipsa
1055 3116 1061 3131 .
1083 3116 1090 3131 .
1110 3116 1133 3151 .,
1163 3073 1177 3132 I
1198 3072 1256 3130 151
1282 3072 1358 3133 lor-

232 3158 328 3217 mido
346 3158 478 3217 mortalis
497 3155 628 3216 continet
645 3150 763 3236 omnis).
782 3190 824 3199 -
843 3157 985 3231 Quoniam
1004 3157 1072 3217 ficta
1091 3161 1135 3217 est
1152 3157 1203 3216 illa
1217 3162 1359 3236 potestas,

232 3245 369 3303 voluntas
397 3261 434 3302 ea
461 3260 519 3302 non
549 3245 718 3320 coercetur3
743 3246 825 3302 recte
853 3243 945 3320 igitur
965 3243 1010 3302 illi
1028 3261 1131 3303 versus
1150 3261 1168 3302 a
1187 3243 1361 3318 quaestione

234 3329 271 3389 de
289 3330 448 3389 voluntatis
465 3329 603 3389 libertate
629 3331 823 3404 segregantur
836 3323 869 3409 ¹).

319 3417 381 3474 Iam
409 3418 594 3474 transeamus
622 3412 662 3472 ad
683 3413 804 3489 Epicuri
833 3413 870 3474 de
899 3413 1100 3491 magnitudine
1125 3415 1196 3475 solis
1219 3419 1248 3474 et
1273 3415 1360 3474 lunee

234 3501 420 3580 seutentiam,
439 3519 527 3576 quem
544 3497 706 3573 Woltjerus
723 3517 774 3576 pg.
796 3501 855 3558 125
875 3506 975 3562 censet
992 3520 1011 3561 a
1028 3501 1165 3561 Lucretio
1184 3501 1215 3560 in
1232 3502 1251 3560 l.
1264 3501 1291 3559 V
1302 3518 1360 3559 nou

319 3736 348 3858 13
364 3735 462 3789 Munro
480 3749 555 3788 suam
573 3733 735 3788 sententiam
752 3733 846 3788 firloire
864 3734 955 3788 nudet
973 3751 1012 3789 vv.
1030 3735 1069 3789 Vl
1086 3735 1120 3790 29

285 3805 330 3871 qni
367 3845 372 3858 .
393 3845 398 3857 .
418 3801 737 3858 .1naliloretinrebus
754 3803 905 3856 mortalibu'
923 3802 1022 3871 passim

284 3873 353 3941 quod
369 3871 448 3928 fieret
464 3871 581 3928 naturali
598 3869 722 3938 varieque
740 3871 843 3926 volaret

284 3957 332 3996 seu
350 3957 428 3997 casu
445 3957 493 3996 seu
510 3941 543 4008 ri,
562 3939 632 4007 quod
649 3939 689 3994 sic
705 3943 802 3994 natura
817 3944 945 4009 parasset.
1122 4002 1125 4008 ¹

233 4009 284 4064 Sed
302 4010 425 4078 quoniam
445 4017 549 4074 „casus“
570 4008 701 4062 naturalis
720 4008 828 4073 dicitur,
852 4009 885 4064 de
914 4008 965 4063 lati
981 4009 1093 4077 quedem
1111 4009 1144 4077 ri,
1162 4024 1229 4077 quae
1247 4013 1360 4064 naturae

232 4079 342 4134 foedera
360 4096 419 4134 rum
437 4083 479 4144 at,
502 4078 546 4133 vix
569 4078 634 4132 licet
650 4077 776 4146 cogitare.
811 4078 886 4146 Ergo
907 4080 931 4132 si
951 4077 1021 4132 torte
1043 4094 1099 4132 non
1123 4094 1190 4147 opus
1216 4079 1251 4133 eit
1274 4079 1360 4133 Lach-

232 4149 324 4202 mauni
341 4164 418 4202 emen
454 4149 541 4214 tione,
567 4147 613 4215 qui
634 4163 657 4201 v.
681 4147 714 4201 31
742 4153 850 4210 ηοαιιειιιι
875 4145 1008 4216 reposuit,
1023 4149 1125 4202 =temen
1149 4147 1286 4202 sententie
1307 4147 1360 4202 elia

232 4217 320 4271 verbis
341 4232 396 4271 non
419 4217 525 4271 videtur
547 4216 664 4270 subesse.
706 4215 900 4271 Locutionibus
921 4220 1012 4271 eutem
1034 4217 1125 4284 quales
1149 4219 1213 4270 sunt
1237 4216 1360 4280 „sennua

232 4286 400 4353 gubernans“
425 4285 517 4340 v107
535 4286 628 4354 (seepe
657 4287 769 4346 „natura
792 4284 980 4352 guberuaus“)‚
1006 4283 1074 4352 „lou
1095 4283 1241 4352 protollere
1264 4284 1357 4352 finee“,

232 4353 302 4422 quod
325 4354 383 4422 ipse
405 4357 485 4421 poeta
512 4353 711 4421 interpretatur
733 4352 875 4420 ‚adversus
896 4356 1009 4408 naturae
1032 4352 1141 4408 foedera
1163 4352 1231 4406 niti“
1255 4354 1279 4410 V
1299 4355 1358 4425 309,

232 4438 287 4479 non
305 4423 421 4478 alienam
437 4427 547 4494 praeter
563 4427 675 4478 naturae
693 4423 746 4477 rim
763 4421 896 4478 introduci
913 4421 956 4478 vix
975 4425 1017 4477 est
1034 4421 1103 4492 qnod
1120 4437 1250 4481 moneam.
