3380 5306
710 1503 834 1598 caput
859 1495 891 1574 L

577 1712 643 1791 De
675 1708 1008 1823 repetitionibus,

317 1912 372 1971 Oui
395 1912 557 1972 debeantur
580 1915 637 1972 loci
666 1915 695 1973 in
722 1915 850 1974 carmine
876 1910 1053 1972 Lucretiano
1078 1910 1197 1985 repetiti
1222 1913 1358 1986 quaestio

230 1997 304 2057 adeo
322 2016 381 2056 non
399 1999 437 2057 ad
456 2016 629 2059 consensum
647 2000 775 2059 omnium
794 2001 890 2059 soluta
909 2002 967 2075 661,
994 2001 1026 2056 ut
1048 1996 1098 2070 qui
1117 1997 1274 2057 novissime
1293 2017 1356 2058 eam

230 2083 384 2161 tractavit,
403 2084 582 2164 Ι(1116166166,
609 2086 646 2144 de
672 2087 808 2145 ¹uersibus
839 2085 870 2142 in
902 2083 1034 2142 Lucretii
1065 2082 1195 2142 carmine
1224 2083 1357 2158 repetitis

229 2169 386 2244 Angenior.
405 2171 496 2247 1879,
516 2171 559 2229 116
577 2175 609 2229 ut
625 2172 817 2246 repetitiones
830 2171 943 2230 alienas
962 2185 1028 2228 6666
1046 2187 1065 2226 6
1079 2168 1218 2227 Lucretio
1237 2168 1356 2229 demon-

230 2259 355 2334 straret,
374 2255 404 2313 in
422 2255 606 2330 praefatione
632 2257 884 2316 commentationis
903 2253 1135 2314 Studemundum
1157 2254 1278 2329 abipso
1298 2255 1355 2314 dis-

230 2341 340 2400 sentire
358 2340 496 2400 fateatur.
525 2341 622 2402 Antea
640 2342 799 2420 Vahlenus,
818 2341 998 2400 Monatsber.
1017 2340 1070 2398 der
1087 2339 1166 2397 Berl.
1186 2339 1243 2398 Ak.
1263 2343 1355 2419 1877,

230 2427 407 2486 contrariam
425 2427 601 2486 sententiam
619 2429 675 2487 etsi
691 2447 749 2487 non
767 2428 900 2502 pluribus
920 2421 1110 2502 condiniani,
1128 2425 1239 2484 diserte
1257 2431 1356 2486 tamen

229 2511 438 2587 pronuntiavit.
488 2512 546 2585 Qui
570 2531 641 2572 vero
666 2513 794 2573 Gneissii
820 2513 950 2571 libellum
974 2514 1202 2589 recensuerunt,
1230 2511 1356 2572 Tohtius

230 2593 417 2678 (Fleckeisen
453 2597 576 2658 Jahrbb.
616 2599 714 2677 1879,
753 2595 915 2673 541--53)
958 2602 1003 2656 ct·
1022 2597 1181 2672 Briegerus
1217 2591 1355 2677 (Bursian

229 2683 365 2742 Jahrcsb.
391 2683 483 2761 1879,
510 2685 538 2743 II
565 2680 715 2766 201-8),
747 2697 922 2760 quamquam
949 2701 1006 2741 non
1030 2683 1127 2741 omnia
1153 2684 1355 2762 comprobant,

228 2775 326 2828 tamen
345 2787 403 2828 non
422 2770 515 2827 solum
533 2788 655 2828 acumen
674 2770 803 2829 auctoris
822 2773 1001 2845 agnoscunt,
1026 2768 1079 2826 sed
1101 2768 1132 2826 in
1149 2769 1247 2827 multis
1266 2770 1355 2829 rebus

230 2856 257 2913 ei
285 2854 494 2914 assentiuntur.
543 2856 617 2914 Item
650 2857 839 2915 Neumannus
868 2855 899 2913 in
922 2854 1167 2914 commentatione
1195 2853 1232 2912 de
1267 2855 1355 2914 inter·
1416 2877 1418 2882 ·
1497 2841 1500 2848 ’

229 2941 426 3015 potationibus
458 2941 644 3000 Lucretianis
683 2942 768 3000 Halis
805 2942 873 3000 Sax.
912 2939 993 2997 1875
1028 2940 1134 2998 multas
1163 2941 1354 3015 repetitiones

230 3026 345 3100 spurias
374 3043 440 3085 esse
469 3026 625 3086 ostendere
657 3028 784 3105 studuit,
821 3043 998 3100 quamquam
1032 3026 1139 3084 multas
1168 3026 1260 3084 voluit
1288 3043 1354 3085 esse

229 3113 381 3184 genuinas.

314 3196 397 3269 Quae
416 3214 481 3254 cum
498 3196 541 3254 ita
559 3195 626 3273 61111,
646 3196 723 3254 hanc
741 3196 952 3271 quaestionem,
977 3194 1086 3269 quippe
1105 3213 1181 3269 quae
1203 3196 1353 3269 pertineat

228 3282 266 3341 ad
285 3288 379 3342 artem
397 3287 427 3340 61
444 3281 595 3356 ingenium
612 3286 719 3356 poetae
743 3287 823 3340 reete
847 3280 1047 3358 aestimanda,
1075 3279 1170 3339 denno
1188 3286 1352 3340 retractare

229 3368 375 3446 constitui,
393 3367 567 3442 praesertim
586 3385 651 3426 cum
666 3368 725 3425 iam
738 3367 842 3425 nonin
860 3365 1028 3424 universum
1043 3367 1234 3440 repetitiones
1251 3371 1352 3441 utpote

228 3454 368 3512 molestae
386 3454 416 3510 in
435 3453 563 3512 carmine
582 3451 727 3511 didactico
753 3471 771 3510 a
790 3457 879 3527 poeta
897 3450 1116 3529 abiudicentur,
1146 3451 1198 3511 sed
1224 3470 1262 3511 611
1281 3471 1352 3512 vera

228 3538 471 3614 interpretatione
500 3538 681 3611 singularum
714 3537 860 3613 principia
893 3537 994 3596 iudicii
1029 3537 1192 3612 repetenda
1220 3555 1285 3598 esse
1314 3539 1352 3598 ab

228 3626 362 3684 omnibus
388 3623 574 3683 concedatur.
618 3624 682 3682 Neo
705 3625 763 3682 iam
787 3623 962 3682 offensiones
985 3641 1086 3681 omnes
1116 3623 1352 3698 interpolationis

227 3711 314 3784 signa
331 3709 487 3769 habentur.
531 3711 696 3768 Permultas
715 3709 791 3768 enim
810 3709 935 3768 Tohtius
954 3712 984 3766 et
1001 3709 1160 3783 Briegerus
1178 3708 1351 3783 imperfecto

227 3796 365 3854 carminis
383 3801 460 3854 statu
478 3795 613 3854 excusari
633 3798 817 3853 censuerunt.
852 3792 910 3853 Sed
930 3810 995 3851 cum
1012 3793 1062 3851 1116
1082 3792 1250 3853 Gneissium
1268 3811 1351 3854 seeu-

227 3886 274 3941 166
301 3899 358 3940 non
383 3881 496 3940 dubitet
520 3885 633 3958 partes,
659 3897 735 3955 quae
768 3896 826 3938 non
852 3880 916 3939 sine
943 3878 1047 3936 damno
1072 3879 1209 3938 carminis
1235 3881 1351 3959 desunt,

227 3967 366 4026 Lucretio
384 3967 514 4026 adimere
533 3962 573 4047 (e.
592 3983 621 4040 g.
642 3984 690 4024 vv.
710 3966 753 4024 III
774 3965 911 4043 87-93,
931 3964 982 4038 qui
999 3965 1179 4040 prooemium
1197 3965 1266 4026 libri
1284 3985 1351 4026 con-

228 4049 380 4134 cludunt),
406 4058 435 4111 61
456 4053 616 4126 Briegerus
641 4050 758 4125 quidem
784 4068 902 4129 versus,
927 4050 977 4125 qui
1003 4051 1058 4110 etsi
1083 4069 1140 4109 non
1164 4053 1352 4126 requiruntur

227 4144 324 4198 tamen
343 4138 468 4198 maiores
486 4135 661 4196 offensiones
679 4155 737 4195 nou
757 4139 902 4211 praebent
927 4131 967 4217 (e.
987 4154 1016 4210 g.
1035 4137 1113 4195 illius
1136 4138 1279 4212 prooemii
1303 4157 1350 4196 vv.

228 4219 383 4305 87-90),
413 4223 605 4306 interpolatos
635 4239 700 4280 esse
729 4222 890 4282 existimet:
920 4221 1111 4281 fundamenta
1143 4223 1226 4282 crisis
1256 4223 1352 4282 adhuc

227 4311 315 4369 valde
345 4309 484 4371 vacillare
513 4307 584 4366 mihi
613 4307 760 4367 videntur.
817 4308 970 4366 Gneiseius
999 4313 1095 4367 autem
1125 4307 1189 4382 ipse
1214 4309 1351 4382 quoniam

227 4396 472 4455 commentatione
492 4413 545 4453 sna
564 4394 757 4468 repetitiones
780 4393 1002 4472 condemnavit,
1028 4398 1245 4469 praesumptam
1270 4395 1351 4454 illam

1113 4489 1144 4544 1*
