3380 5306
811 449 979 506 ,.20...

336 621 453 695 politam
483 624 594 680 certam
615 618 696 682 illam
721 637 858 679 versuum
883 616 1004 676 formam
1036 623 1133 678 mente
1161 618 1290 679 tenuisse
1313 618 1459 678 existimo.

335 706 418 765 Idem
435 723 490 765 nec
511 710 608 764 tamen
634 707 758 780 amplius
777 706 937 780 quidquam
956 703 1043 761 velim
1069 705 1169 780 colligi
1192 723 1228 764 ex
1247 704 1303 764 hoc
1321 703 1461 780 loquendi

335 791 436 850 modo:
456 792 620 869 „incertum
638 796 761 869 constet,
781 809 840 865 qua
857 789 971 848 ratione
990 790 1028 848 sit
1044 788 1127 850 linita
1144 795 1277 866 potestas
1295 797 1384 866 atque
1401 791 1460 849 alte

335 877 475 936 terminus
504 876 670 955 haerens“,
697 895 761 936 eum
787 875 943 935 dicendum
969 880 1063 934 esset:
1095 875 1228 955 „incerta
1259 877 1297 935 sit
1328 880 1461 952 potestas

335 980 432 1037 neque
450 963 526 1022 ullus
544 966 641 1023 exstet
657 960 830 1022 terminus“.

420 1048 607 1109 Antecedunt
624 1047 678 1108 hos
695 1066 800 1108 versus
817 1047 848 1105 in
864 1045 948 1106 libris
966 1047 1002 1106 V.
1022 1052 1052 1106 et
1069 1047 1119 1107 Vl.
1138 1065 1187 1106 vv.

335 1128 374 1215 (V
393 1130 447 1215 82)
466 1135 506 1193 VI
525 1134 565 1193 58
584 1152 652 1194 nam
674 1137 751 1195 bene
773 1133 824 1208 qui
847 1133 978 1192 didicere
996 1131 1068 1192 deos
1086 1150 1222 1193 securum
1242 1150 1333 1207 agere
1356 1150 1461 1192 aevom

586 1221 611 1278 si
629 1225 729 1280 tamen
747 1221 862 1279 interea
882 1217 1026 1277 mirantur
1045 1236 1103 1293 qua
1120 1219 1234 1278 ratione

524 1307 565 1364 60
584 1323 719 1382 quaeque
738 1306 802 1381 geri
819 1304 943 1382 possint,
961 1305 1136 1379 praesertim
1154 1306 1241 1364 rebus
1259 1305 1290 1363 in
1308 1304 1367 1363 illis

581 1409 657 1466 quae
677 1410 784 1466 supera
802 1394 891 1466 capnt
908 1389 1047 1450 aetheriis
1066 1395 1226 1449 cernuntur
1244 1390 1274 1448 in
1293 1390 1361 1469 oris,

581 1495 681 1536 rursus
706 1478 737 1536 in
759 1478 896 1551 antiquas
918 1475 1086 1536 referuntur
1104 1477 1265 1555 religionis,

537 1608 539 1610 -
583 1567 613 1622 et
630 1564 763 1622 dominos
781 1563 857 1622 acris
875 1562 1053 1639 adsciscunt,
1072 1564 1171 1622 omnia
1188 1579 1276 1638 posse

583 1667 656 1723 quos
673 1649 773 1708 miseri
797 1649 930 1726 credunt,
949 1649 1046 1723 ignari
1066 1649 1137 1724 quid
1155 1652 1244 1724 queat
1263 1665 1337 1726 esse,

521 1733 560 1790 65
581 1733 652 1809 quid
669 1739 799 1810 nequeat
817 1779 825 1793 .
846 1778 853 1792 .
878 1777 886 1793 .

337 1819 394 1877 Gn.
414 1836 479 1876 cum
497 1835 548 1878 eos
566 1819 596 1878 in
615 1822 634 1879 l.
648 1820 697 1879 Vl.
716 1821 860 1896 probante
879 1819 987 1878 Tohtio
1005 1819 1199 1894 interpolatos
1217 1835 1283 1878 esse
1302 1817 1460 1895 contendit,

337 1922 372 1963 eo
390 1903 570 1979 potissimum
590 1906 692 1965 nititur
709 1907 789 1981 quod
815 1905 941 1964 servatis
967 1905 1009 1964 eis
1036 1924 1115 1985 „quo
1133 1904 1278 1981 magis“
1296 1923 1324 1963 v.
1345 1904 1384 1961 67
1404 1921 1462 1961 non

336 1990 474 2049 idoneum
493 2007 609 2050 sensum
628 1992 781 2067 praebeat.
826 1991 866 2049 At
885 1996 990 2050 natura
1007 1992 1098 2050 animi
1117 1990 1304 2051 confirmatur
1327 2008 1393 2049 eum
1412 1989 1462 2065 qui

337 2076 409 2136 deos
427 2075 500 2134 nihil
518 2093 609 2151 agere
627 2111 670 2118 —
692 2083 724 2136 ut
741 2077 952 2153 Epicureorum
970 2078 1001 2135 in
1019 2078 1137 2136 modum
1155 2078 1260 2152 loquar
1275 2111 1317 2120 —-
1329 2076 1463 2135 doctrina

336 2179 510 2237 persuasum
528 2162 628 2241 habet,
648 2163 672 2222 si
692 2164 763 2238 quid
781 2162 884 2221 mirum
902 2163 1019 2222 accidat
1037 2163 1118 2222 cuius
1137 2163 1181 2221 rei
1200 2181 1319 2222 causam
1336 2178 1395 2220 non
1418 2160 1461 2218 vi-

337 2247 397 2322 det,
416 2265 474 2306 non
492 2248 587 2307 relabi
606 2249 693 2308 modo
711 2250 741 2307 in
760 2249 932 2324 religionem
951 2249 1005 2308 scd
1022 2248 1117 2323 magis
1143 2249 1234 2307 etiam
1259 2247 1380 2307 deorum
1404 2245 1462 2305 fide

336 2333 458 2408 religari
478 2351 646 2411 „caecaque
664 2335 779 2393 ratione
799 2331 929 2394 errare“.
969 2333 1104 2393 Conferri
1121 2338 1220 2410 potest
1239 2352 1304 2393 cum
1320 2332 1377 2392 hac
1395 2350 1461 2392 seu-

335 2420 481 2478 teutisca
499 2437 576 2495 quae
595 2425 640 2479 est
659 2420 738 2495 apud
756 2421 843 2480 Lucu.
866 2420 896 2478 in
914 2421 956 2479 VI
976 2421 1035 2478 601
1057 2438 1139 2496 sqq.:
1166 2416 1311 2500 (metuunt
1328 2419 1462 2477 homines

336 2523 374 2564 nc
398 2508 505 2564 natura
530 2511 629 2565 terrae
655 2524 797 2566 cavernas
821 2507 965 2566 dissolvat
984 2550 991 2565 .
1010 2550 1047 2565 ..
1073 2505 1197 2581 proinde
1222 2500 1304 2586 licet)
1328 2503 1461 2579 quamvis

337 2591 450 2650 caelum
468 2594 637 2665 terramque
664 2597 803 2652 aeternae
829 2591 917 2652 saluti
947 2591 1085 2650 mandata
1111 2609 1177 2651 esse
1202 2595 1338 2669 reantur,
1363 2594 1462 2649 tammr

335 2675 483 2735 interdum
501 2678 548 2736 vis
569 2678 635 2752 ipsa
652 2679 756 2753 pericli
775 2677 872 2736 adhue
889 2678 1036 2737 stimulum
1054 2677 1168 2736 timoris
1186 2678 1295 2736 subdit.
1325 2674 1463 2735 Molestia
1499 2683 1501 2688 '

286 2829 289 2838 Ι
336 2762 426 2836 igitur
444 2763 488 2822 illi
506 2781 554 2821 vv.
573 2767 699 2841 vacant3
730 2764 817 2822 immo
837 2764 963 2822 exclusis
990 2763 1032 2822 eis
1049 2781 1211 2838 pronomen
1234 2758 1352 2841 „quae“
1371 2761 1402 2819 in
1421 2761 1461 2818 68

335 2848 468 2922 ineptum
485 2853 538 2925 est,
562 2866 626 2907 cum
645 2849 704 2908 iam
730 2849 838 2908 evadat
861 2849 1007 2910 sententia
1025 2843 1075 2930 (cf.
1094 2845 1175 2928 Br.):
1202 2848 1259 2907 nisi
1283 2847 1399 2923 respuis
1425 2862 1463 2904 ex

336 2933 433 2992 animo
451 2935 599 3009 longeque
618 2935 743 2994 remittis
762 2940 866 3009 putare
884 2953 942 3014 res,
962 2953 1038 3011 quae
1057 2935 1087 2993 in
1106 2935 1194 2994 terris
1213 2936 1355 3008 caeloque
1372 2932 1462 3010 fiunt3

337 3019 362 3078 si
380 3023 478 3079 tamen
497 3025 725 3100 conservantur,
753 3021 850 3096 quivis
876 3021 964 3080 facile
990 3038 1027 3078 ex
1052 3021 1095 3079 eis
1119 3020 1201 3096 petet
1225 3037 1283 3095 quo
1305 3020 1379 3079 illud
1396 3036 1462 3094 pro·

336 3122 441 3164 nomen
456 3105 567 3166 referat
579 3124 621 3165 so.
633 3105 725 3166 haec:
746 3102 815 3186 (nisi
827 3107 955 3168 remittis
970 3101 1087 3188 putare)
1107 3108 1179 3166 deos
1191 3123 1257 3166 esse
1275 3105 1353 3164 acris
1372 3103 1463 3162 domi-

335 3208 389 3250 nos
401 3195 431 3250 et
442 3191 584 3266 perficere
596 3193 702 3252 omnia.
731 3192 814 3265 Quae
827 3211 892 3252 cum
910 3194 955 3252 ita
973 3195 1041 3272 sint,
1060 3193 1251 3252 retinebimus
1264 3210 1314 3251 cos
1332 3191 1362 3249 in
1380 3191 1399 3249 l.
1411 3189 1461 3267 VI,

335 3295 514 3352 quamquam
527 3279 557 3336 in
575 3279 593 3337 l.
607 3279 780 3353 Vprimitus
793 3297 843 3338 eos
861 3280 974 3354 positos
988 3297 1053 3338 esse
1072 3297 1130 3338 non
1149 3282 1194 3338 cst
1213 3277 1292 3353 quod
1309 3293 1461 3351 negemus.

421 3363 602 3422 1817-19
622 3366 695 3422 :1
715 3366 1137 3424 eos-10:11760-62
1157 3387 1198 3416 :
1218 3365 1246 3422 ll
1267 3362 1412 3421 lodi-9

583 3443 652 3530 (Gn.
673 3449 712 3508 57
729 3447 809 3530 sqq.)

378 3538 466 3608 atque
490 3533 593 3593 cadem
611 3535 712 3609 magni
730 3534 821 3595 refert
842 3535 1003 3610 primordia
1021 3552 1121 3613 saepe,

380 3637 443 3678 cum
464 3619 569 3694 quibus
589 3624 619 3679 ct
641 3621 722 3695 quali
744 3621 877 3696 positura
900 3622 1105 3681 contineantur

378 3710 408 3764 ct
427 3723 501 3780 quos
521 3706 598 3765 inter
616 3723 648 3766 se
667 3707 737 3766 deut
754 3713 850 3768 motus
868 3708 1084 3784 accipiantque.

336 3790 472 3850 Gneissio
502 3809 553 3851 eos
581 3811 629 3852 vv.
657 3794 753 3869 primo
780 3795 845 3853 loco
875 3793 968 3853 deleri
994 3793 1108 3854 iubenti
1133 3792 1207 3852 adeo
1233 3809 1291 3850 non
1317 3791 1463 3852 assentior

335 3881 367 3935 nt
392 3878 560 3938 necessario
587 3895 638 3938 eos
663 3880 775 3954 requiri
800 3880 975 3940 existimem.
1020 3878 1106 3952 Quod
1131 3883 1163 3938 ut
1187 3879 1324 3957 probem,
1350 3877 1463 3936 subicio

335 3963 498 4022 sententias
531 3968 563 4022 ut
599 3963 670 4021 mihi
707 3966 847 4039 progredi
882 3967 1033 4026 videntur:
1077 3982 1178 4024 omnes
1217 3964 1381 4024 animantes
1418 3963 1464 4022 sni

336 4066 484 4123 quamque
517 4049 635 4123 generis
668 4051 829 4124 primordia
863 4052 961 4130 aluut3
998 4051 1080 4126 atqui
1108 4051 1187 4110 idem
1215 4051 1297 4110 cibus
1331 4049 1465 4108 diversus

335 4134 387 4193 alit
412 4135 593 4212 animantcs;
621 4152 692 4210 crgo
718 4134 796 4194 idem
826 4137 908 4196 cibus
935 4155 951 4196 e
980 4139 1162 4196 diversarum
1185 4136 1375 4196 animantium
1404 4135 1464 4210 pri-

335 4220 456 4279 mordiis
488 4224 613 4280 constat.
676 4221 772 4295 Saepe
802 4226 900 4281 tamen
929 4225 977 4282 vel
1006 4225 1109 4283 eadem
1137 4221 1299 4297 primordia
1330 4222 1463 4280 diversas

335 4323 383 4365 res
401 4307 581 4366 constituunt
599 4301 654 4387 (sc.
673 4310 754 4366 motu
772 4307 903 4382 positura
923 4353 930 4368 .
950 4353 957 4368 .
978 4305 1010 4391 ..)
1054 4310 1137 4368 Haec
1159 4308 1308 4368 sententia
1325 4307 1350 4367 si
1369 4307 1463 4386 abest,

335 4409 393 4450 non
427 4399 550 4467 possunt
581 4393 715 4468 intellegi
753 4411 829 4468 quae
866 4401 1044 4469 sequuntur:
1080 4390 1170 4476 (820)
1198 4411 1325 4468 namque
1361 4394 1464 4453 eadem
