3380 5306
697 480 865 540 ..33-

217 651 405 714 Antecedunt
422 654 513 714 haec:
543 651 575 712 Si
598 653 628 711 in
654 647 749 728 spatio
767 652 880 712 infinito
901 652 1038 712 materies
1055 651 1137 714 110110
1155 655 1244 731 00001,
1263 669 1345 712 muu-

219 737 273 797 dus
300 741 395 798 creari
412 757 470 799 non
487 739 641 814 potuisset.
684 738 761 797 Nam
782 739 944 813 primordia
961 756 1057 814 00000
1075 755 1211 814 umquam
1229 739 1259 797 in
1277 756 1345 797 con-

219 823 317 882 cilium
342 826 493 899 compulsa
518 824 654 883 coiissent
676 841 732 883 neo
755 828 877 898 possent
900 825 930 883 in
957 824 1080 883 concilio
1103 825 1221 883 morari.
1269 823 1345 884 Huic

219 911 468 983 argumentationi
492 913 562 984 apte
586 909 774 984 subiungitur
799 910 878 984 quod
903 901 1066 986 primordia
1088 926 1147 968 non
1171 909 1345 969 consiliose

220 1011 272 1052 suo
297 995 363 1054 loco
388 996 530 1055 locarunt.
578 993 776 1055 Nihilominus
801 997 951 1070 expellere
969 1013 1076 1055 cosvv
1037 999 1213 1054 vv.conaut
1213 1013 1247 1053 ur
1200 995 1344 1054 t·Neu

219 1097 342 1139 manuus
360 1085 390 1140 et
408 1081 458 1140 Br.
476 1081 544 1140 ideo
560 1079 744 1156 potissimum
762 1082 851 1160 quod,
876 1082 902 1142 si
923 1081 1017 1141 verba
1035 1077 1193 1165 „servata“
1215 1080 1296 1139 1029
1316 1087 1346 1141 et

221 1165 685 1244 „coniecta“1030referrentur
703 1167 742 1225 ad
759 1168 940 1227 antecedens
960 1185 1076 1246 „rerum
1089 1184 1201 1226 summa
1212 1163 1344 1245 creata“,

219 1250 349 1310 absurda
374 1252 594 1312 evaderetseu
594 1251 687 1312 100110
712 1270 876 1329 „summam
904 1257 1034 1313 creatam
1060 1255 1123 1313 et
1149 1253 1345 1312 .000100100

220 1335 337 1398 efficere
366 1342 399 1397 01
427 1355 527 1397 00000
555 1355 637 1396 mare
665 1337 832 1417 integrent,
868 1343 949 1399 terra
980 1337 1057 1398 10100
1085 1342 1175 1397 novet
1195 1382 1203 1396 .
1223 1334 1252 1397 .“
1282 1338 1345 1396 sive

221 1440 382 1500 „summam
408 1427 538 1483 creatam
564 1421 682 1482 efficere
707 1441 848 1483 summam
871 1423 1032 1485 creatam“.
1079 1422 1120 1483 At
1141 1425 1233 1483 verba
1252 1422 1346 1503 „haec

219 1525 332 1567 summa
361 1513 462 1568 creata
491 1507 582 1568 efficit
610 1513 642 1568 ut
671 1525 771 1568 00000
798 1527 880 1569 mare
907 1510 1123 1586 integrent,
1152 1513 1232 1568 terra
1256 1513 1346 1567 novet

219 1592 296 1652 10100
325 1593 403 1655 001.ιι
442 1612 501 1653 000
526 1593 694 1668 significant
718 1612 880 1671 „summam
904 1599 1034 1655 creatam
1063 1593 1180 1653 efficere
1204 1612 1346 1653 summam

219 1676 368 1738 creatam“
406 1680 459 1739 sed
490 1697 652 1757 „summam
687 1684 818 1739 creatam
848 1698 913 1740 sese
946 1677 1142 1741 conservare“
1174 1674 1225 1761 (01.
1264 1679 1344 1738 1037

219 1765 328 1823 amissa
359 1759 514 1847 reparare)
540 1765 603 1825 sive
634 1765 825 1845 „continuare
852 1771 963 1846 motus,
999 1767 1030 1824 in
1059 1782 1132 1841 quos
1161 1767 1252 1825 semel
1278 1783 1345 1824 oon-

219 1850 298 1910 iecta
321 1847 390 1910 01111.
438 1850 550 1924 Quodsi
578 1852 697 1925 copiose
725 1851 882 1926 exponitur
905 1870 964 1927 qua
992 1852 1106 1910 ratione
1135 1850 1209 1911 haec
1234 1869 1346 1910 summa

222 1940 484 2016 conservetur,
502 1954 562 1995 uon
579 1937 637 1995 nisi
654 1936 851 1996 concinnitate
863 1937 1035 2011 perturbata
1049 1937 1222 1996 omittuntur
1232 1953 1345 2015 versus,

221 2021 327 2096 quibus
356 2021 479 2081 docetur
507 2039 566 2097 qua
590 2022 705 2081 ratione
728 2026 863 2082 creata
881 2023 928 2083 sit.
972 2023 1052 2098 Ergo
1070 2022 1137 2080 illos
1154 2039 1257 2081 versus
1274 2023 1344 2081 reti·

220 2106 365 2167 nebimus·

305 2192 408 2253 Altera
420 2209 501 2272 pars,
519 2211 567 2252 vv.
580 2193 607 2251 V
621 2193 777 2271 107-01,
796 2192 971 2252 Neumauno
982 2192 1048 2268 ipsa
1062 2209 1180 2268 000000
1198 2191 1343 2271 displicet,

221 2279 274 2338 sed
300 2296 405 2338 causas
430 2296 488 2337 uon
514 2279 600 2337 affert
623 2278 710 2338 huius
734 2279 845 2338 iudicii.
896 2279 1000 2353 Itaque
1026 2279 1098 2336 satis
1120 2277 1216 2338 habeo
1235 2277 1345 2337 dixisse

221 2383 287 2423 eam
314 2365 353 2423 ad
381 2382 486 2423 nexum
517 2363 767 2423 accommodatam
797 2381 880 2443 0000,
913 2363 1051 2438 quoniam
1081 2363 1229 2423 contiueat
1257 2364 1345 2439 00010

221 2450 370 2524 specimen
395 2449 517 2509 creandi
542 2456 647 2509 natura
669 2448 795 2509 dederit.
846 2449 887 2508 At
912 2453 975 2510 tota
997 2449 1213 2524 argumentatio
1238 2447 1345 2508 iudea

220 2554 249 2594 v.
277 2536 336 2593 181
363 2535 486 2596 confusa
510 2540 563 2594 est.
613 2535 654 2593 Ut
679 2535 756 2594 enim
780 2537 887 2611 probet
905 2534 991 2595 Lucr.
1010 2553 1068 2594 non
1091 2535 1129 2594 ab
1147 2534 1211 2594 deis
1229 2539 1345 2594 creatos

222 2637 287 2680 0000
312 2619 455 2698 homines,
478 2621 565 2697 unde,
590 2620 694 2699 inquit,
720 2621 766 2680 dis
791 2621 911 2682 notities
932 2615 1178 2702 (simulacrorum)
1195 2619 1345 2679 homiuum

221 2706 309 2765 insita
326 2711 379 2784 est,
399 2710 431 2765 ut
449 2723 499 2766 ees
516 2705 615 2765 facere
632 2707 777 2780 possent?
800 2708 854 2768 sed
876 2705 1032 2783 sequentia
1053 2723 1112 2766 uon
1129 2707 1188 2766 100
1205 2705 1245 2765 00
1263 2704 1344 2784 0000,

221 2792 274 2850 000
299 2793 338 2851 00
362 2792 495 2852 homines
515 2791 680 2866 pertinent:
706 2810 802 2866 quove
826 2792 913 2853 modo
940 2796 985 2852 001
1007 2791 1053 2850 vis
1075 2791 1285 2867 principiorum
1309 2834 1344 2850 ..

221 2877 339 2952 cognita
356 2872 411 2958 (so.
430 2877 525 2956 nobis,
543 2895 601 2936 non
621 2872 709 2957 deis),
731 2878 832 2962 sinon
851 2879 917 2954 ipsa
934 2882 1040 2937 natura
1057 2877 1206 2952 specimen
1225 2876 1345 2936 creandi

221 2963 326 3022 dedit?
351 2963 464 3022 scilicet
487 2961 558 3022 hoc:
584 2980 620 3022 ex
645 2962 756 3022 infinito
781 2967 913 3039 tempore
928 3028 933 3038 ,
940 2963 1102 3038 primordia
1130 2963 1227 3022 omnia
1255 2979 1344 3037 0000-

222 3066 344 3124 cumque
361 3053 485 3123 possent
501 3065 603 3107 creare
621 3052 843 3127 portentorum,
861 3052 971 3108 utnon
989 3048 1027 3106 sit
1043 3048 1148 3107 mirum
1165 3045 1219 3128 (sc.
1235 3042 1344 3129 nobis),

218 3134 245 3194 si
261 3133 338 3193 huuc
356 3150 473 3209 quoque
492 3137 600 3192 010100
617 3131 717 3192 mundi
736 3133 903 3194 effecerunt.
937 3131 1050 3206 Quodsi
1067 3133 1126 3192 iam
1144 3133 1289 3207 ignorem
1308 3175 1316 3192 .
1336 3175 1344 3192 .

220 3254 262 3264 —
287 3218 513 3296 Argumentatio
537 3218 579 3276 ita
603 3217 701 3293 potius
724 3218 906 3278 instituenda
933 3222 1010 3277 erat:
1035 3213 1114 3300 (Non
1140 3217 1189 3276 dei
1212 3216 1346 3277 homines

221 3310 366 3385 crearunt,
386 3305 522 3380 quoniam
540 3304 597 3364 hoc
615 3321 711 3379 neque
728 3303 800 3380 ipsis
816 3303 928 3381 profuit
939 3321 1035 3378 00000
1046 3299 1235 3386 homiuibus).
1252 3304 1346 3362 Porro

220 3409 317 3450 nonne
341 3396 482 3450 natura
506 3389 655 3466 specimen
681 3391 802 3449 creandi
827 3390 1071 3470 001,0100000
1089 3393 1231 3449 natura
1249 3390 1345 3468 docet,

221 3477 292 3552 quid
316 3477 432 3552 possint
453 3476 630 3556 primordia,
655 3493 711 3535 nec
735 3494 807 3536 vero
834 3477 904 3537 dei?
927 3477 1008 3577 Ergo
1026 3494 1085 3535 uon
1104 3474 1152 3535 dci
1170 3475 1223 3544 sed
1241 3481 1346 3536 natura

220 3561 353 3622 homines
382 3564 504 3622 creavit.
562 3562 620 3621 Sed
651 3563 704 3621 illa
738 3563 885 3623 aberratio
922 3563 1022 3622 nescio
1057 3580 1095 3621 00
1131 3562 1345 3637 0000000000

221 3653 385 3728 excusetur,
410 3667 475 3708 cum
498 3647 633 3724 ponimus
650 3665 701 3706 eos
724 3648 761 3707 de
786 3649 892 3723 quibus
917 3647 980 3707 dixi
1002 3665 1105 3707 versus
1124 3648 1221 3707 animo
1238 3651 1346 3724 000100

220 3733 251 3792 10
269 3735 424 3795 scribendo
443 3736 614 3795 obversatos
634 3750 708 3792 0000.

308 3821 352 3881 De
370 3839 419 3881 vv
436 3821 465 3879 II
485 3819 652 3878 1061-63
673 3818 710 3878 01.
729 3836 779 3894 pg.
799 3819 882 3895 8sq.

306 3907 369 3966 Iam
385 3907 543 3967 transimus
561 3903 600 3965 ad
615 3905 711 3964 locum
729 3904 797 3965 libri
814 3905 841 3964 V
864 3900 1050 3988 (419-31),
1076 3923 1133 3981 quo
1155 3845 1225 3965 illae
1242 3909 1345 4006 partos

222 3992 518 4068 comprehenduntur.
570 3990 710 4051 Videmus
735 4009 786 4051 eas
811 4008 868 4050 non
893 3992 961 4050 laxe
986 4009 1052 4052 esse
1075 3991 1345 4066 0000101000010

223 4083 375 4138 centonem
402 4077 632 4156 contaminatas,
657 4077 712 4138 sed
736 4078 883 4138 artissime
907 4096 967 4138 uua
991 4076 1113 4153 periodo
1132 4077 1346 4156 devinctas,ut

222 4163 281 4223 alia
300 4181 337 4223 ex
354 4165 414 4223 alia
431 4181 508 4224 nexa
526 4167 556 4222 et
572 4180 673 4222 omnes
691 4163 768 4223 iuter
786 4182 818 4224 se
835 4168 923 4240 aptae
942 4164 1158 4239 colligataeque
1179 4164 1344 4222 videantur.

222 4251 350 4309 Exstant
367 4255 465 4310 tamen
484 4249 617 4308 salebrae
636 4250 790 4329 quaedam,
817 4267 892 4325 quae
914 4247 945 4307 id
963 4248 1081 4323 quidem
1097 4247 1225 4323 produnt
1242 4266 1346 4308 versus

222 4335 247 4394 si
266 4354 324 4395 nou
342 4353 443 4396 omues
461 4340 492 4394 01
510 4339 649 4410 exparte
668 4333 785 4410 quidem
802 4333 831 4394 h.
850 4337 870 4395 1.
889 4353 948 4394 000
965 4334 1101 4409 primitus
1119 4334 1244 4408 scriptos
1270 4351 1344 4394 esse.

222 4421 339 4481 Etenim
364 4422 394 4480 in
419 4441 448 4481 v.
476 4421 538 4479 422
564 4417 883 4500 ,,01100001000000ιι
909 4437 1159 4495 supervacaneum
1184 4425 1230 4481 001
1253 4455 1289 4463 -
1313 4420 1346 4487 10

1124 4517 1142 4572 3
