3380 5306
811 440 981 497 ..50-

332 612 391 672 mm
416 611 512 671 denuo
542 610 716 685 suscipimus
741 610 960 688 quaestionem,
987 627 1073 684 quam
1099 612 1168 668 ante
1186 609 1462 668 commentationem

332 699 428 772 ipsam
456 697 656 772 reposuimus:
694 715 763 756 num
799 695 954 770 probabile
985 696 1023 754 sit
1051 695 1081 752 in
1111 695 1303 769 perpoliendo
1332 695 1461 755 carmine

332 787 449 859 po‘etam
468 800 505 841 ea
522 786 701 841 remoturum
719 782 819 841 fuisse.
873 780 955 854 Quae
980 781 1075 855 ipsum
1093 780 1231 839 videntur
1248 778 1399 859 fefellisse,
1425 780 1461 839 de

334 870 377 928 eis
402 887 459 927 non
486 872 530 927 est
554 866 633 942 quod
658 867 805 942 copiosius
828 867 942 944 dicam;
966 866 1018 925 sed
1039 867 1144 924 multos
1162 884 1211 924 vu.
1230 865 1327 925 sciens
1346 867 1383 925 de
1401 884 1460 925 me-

334 954 427 1014 moria
444 953 573 1028 repetiit.
606 952 653 1012 Ne
671 951 725 1012 hos
746 951 864 1028 quidem
882 956 964 1011 recte
982 951 1063 1011 dices
1082 969 1147 1010 eum
1165 955 1342 1010 mutaturum
1359 950 1460 1029 fuisse,

335 1040 474 1114 qnoniam
492 1038 601 1098 diserte
619 1039 765 1098 interdum
789 1037 915 1112 priorem
941 1039 1037 1097 locum
1057 1036 1224 1112 legentibus
1242 1036 1273 1095 in
1290 1038 1461 1095 memoriam

334 1129 464 1202 revocat,
483 1125 547 1198 ipse
558 1124 648 1199 igitur
659 1124 866 1198 repetitionem
877 1123 1033 1183 admisisse
1045 1121 1210 1182 censendus
1222 1126 1276 1181 est.
1294 1121 1461 1196 Ampliores

335 1215 435 1270 autem
463 1211 529 1268 illas
558 1227 695 1269 versuum
726 1209 953 1285 complexiones,
985 1225 1061 1282 quae
1092 1212 1125 1266 ut
1152 1208 1191 1266 ad
1219 1209 1342 1267 verbum
1370 1224 1461 1282 saepe

336 1297 494 1355 concinunt
518 1296 561 1354 ita
585 1296 702 1354 evoluto
728 1295 856 1353 carmine
879 1295 1004 1354 iteratae
1023 1292 1168 1370 videntur,
1194 1293 1219 1351 si
1238 1294 1304 1368 quis
1322 1309 1374 1352 eas
1392 1311 1460 1351 con-

335 1381 437 1441 tendat
462 1380 631 1440 Lucretium
656 1381 686 1439 in
712 1381 800 1438 aliam
826 1379 950 1438 formam
974 1383 1143 1439 coacturum
1169 1378 1270 1456 finisse,
1294 1396 1351 1437 nou
1370 1379 1462 1437 multa

334 1467 431 1526 habeo
457 1483 532 1540 qnae
558 1483 714 1540 opponam.
753 1465 944 1524 Emendatori
969 1481 1040 1523 vero
1067 1481 1104 1523 ue
1122 1480 1175 1522 eae
1194 1464 1312 1538 quidem
1329 1464 1461 1523 tribuen-

336 1552 392 1612 dae
411 1553 557 1612 videntur.
602 1552 679 1610 Nam
699 1568 875 1625 quamquam
893 1550 1077 1609 incommoda
1095 1549 1246 1627 cretionis,
1270 1567 1391 1624 quorum
1409 1549 1462 1607 ali-

336 1642 408 1712 quot
424 1638 628 1714 iudicavimus,
648 1637 775 1696 embolia
792 1635 906 1694 infirmo
924 1637 1097 1710 plerumque
1115 1634 1232 1693 vinculo
1252 1652 1316 1692 cum
1335 1635 1464 1693 carmine

335 1724 451 1801 iuncta,
476 1727 665 1799 argumenta,
693 1739 816 1796 quorum
841 1722 901 1780 alia
926 1725 992 1780 snut
1016 1720 1110 1779 minus
1133 1723 1305 1780 constanter
1321 1719 1360 1778 ad
1377 1719 1464 1778 finem

337 1809 488 1886 perducta,
516 1807 575 1867 alia
596 1808 628 1865 in
653 1808 760 1866 iustum
785 1807 918 1865 ordinem
944 1823 1002 1864 non
1020 1807 1152 1883 redacta,
1173 1806 1337 1865 luculenter
1359 1806 1466 1865 docent

337 1912 455 1954 cmmen
481 1911 540 1952 non
565 1891 699 1953 omnibus
725 1892 853 1951 numeris
879 1891 1045 1950 absolutum
1067 1907 1142 1969 esse,
1168 1895 1268 1950 tamen
1286 1895 1316 1950 et
1334 1890 1464 1964 disputa-

336 1981 433 2040 tiones
460 1985 489 2038 et
514 1978 666 2052 prooemia
692 1995 728 2037 ea
754 1994 812 2052 qua
836 1994 914 2036 nunc
940 1981 1058 2036 exstant
1081 1975 1175 2034 forma
1198 1981 1343 2051 concepta
1364 1981 1467 2035 sunta

338 2065 485 2124 Lucretio.

802 2525 926 2668 caput
949 2575 1002 2652 11.
1027 2519 1028 2522 =

506 2765 569 2842 De
600 2763 762 2843 ratione
795 2793 902 2872 quae
934 2763 1159 2846 intercedit
1194 2763 1306 2844 intel·

603 2881 851 2965 Lucretium
882 2896 927 2967 et
958 2884 1202 2993 Epicurum.

427 3081 591 3157 Woltjerus
627 3079 770 3166 (Lucretii
804 3085 991 3160 philosophia
1027 3103 1092 3144 cum
1128 3083 1259 3144 lontibus
1288 3090 1469 3164 comparata,

344 3170 514 3244 Groniugae
542 3165 637 3250 1877)
663 3176 747 3230 extra
769 3172 980 3231 dubitationem
1003 3171 1102 3246 posuit
1118 3169 1288 3228 Lucretium
1305 3188 1365 3229 non
1382 3171 1470 3229 modo

343 3257 373 3313 in
392 3256 559 3314 universum
577 3255 697 3329 Epicuri
723 3256 885 3316 doctrinam
903 3258 1037 3335 reddere,
1064 3257 1117 3315 sed
1135 3256 1251 3330 singula
1270 3256 1360 3314 etiam
1378 3257 1416 3315 ab
1435 3274 1471 3316 eo

343 3341 485 3415 petivisse
511 3345 695 3414 argumenta.
748 3341 806 3401 Sed
833 3343 912 3417 quod
935 3343 1104 3403 discrimina
1122 3341 1233 3419 statuit,
1257 3341 1363 3414 quibus
1380 3343 1470 3401 Lucr.

345 3425 478 3499 magistri
493 3423 707 3499 philosophiam
721 3427 934 3506 contaminarit,
954 3445 1048 3503 eaque
1066 3431 1133 3486 orta
1151 3443 1216 3485 esse
1234 3427 1387 3486 contendit
1400 3428 1472 3487 inde

346 3510 424 3585 quod
442 3510 595 3568 Lucretius
614 3511 676 3570 eius
691 3517 817 3572 mentem
832 3531 891 3572 non
912 3514 985 3573 satis
1000 3512 1176 3590 perceperit,
1194 3512 1271 3571 ultra
1286 3530 1388 3571 verum
1402 3531 1471 3587 pro-

346 3595 430 3670 gredi
447 3593 519 3654 mihi
537 3594 662 3654 videtur.

431 3680 591 3754 Epicurum
616 3682 658 3740 ait
682 3699 733 3756 pg.
763 3684 823 3740 100
849 3701 894 3757 sq.
922 3678 972 3764 (cf.
1000 3701 1050 3758 pg.
1080 3679 1153 3764 178)
1183 3687 1381 3758 congruenter
1406 3700 1473 3742 cum

346 3764 551 3839 philosophiae
563 3779 634 3825 suae
645 3765 834 3827 fundamento
846 3769 985 3828 statuisse
997 3769 1162 3828 libertatem
1173 3768 1343 3846 voluntatis,
1361 3769 1471 3826 Lucre-

346 3851 416 3908 tium
435 3845 499 3930 (pg.
512 3846 565 3931 99)
583 3853 785 3912 inconstanter
802 3854 832 3911 in
852 3855 869 3912 l.
882 3854 911 3911 ΙΙ
929 3855 1037 3913 docere
1054 3855 1234 3913 voluntatem
1252 3870 1319 3912 esse
1336 3854 1472 3932 liberam,

348 3939 450 3994 contra
469 3936 500 3993 in
517 3937 537 3994 l.
556 3936 597 3995 IV
616 3953 681 3996 eam
699 3955 782 3996 suam
800 3938 911 3998 habere
930 3956 1058 4017 causam,
1082 3957 1154 4012 ergo
1177 3956 1235 3996 non
1253 3955 1319 3998 esse
1337 3939 1473 3998 liberam.

346 4019 419 4079 Mihi
438 4021 592 4080 Lucretius
617 4021 655 4080 de
672 4022 729 4081 hac
754 4041 786 4081 re
810 4041 906 4097 neque
923 4041 1021 4083 secum
1047 4025 1164 4083 videtur
1188 4041 1321 4098 pugnare
1339 4041 1436 4097 neque
1454 4042 1474 4082 a

348 4105 481 4178 magistri
498 4107 645 4166 sententia
662 4108 811 4167 aberrare.
831 4109 901 4167 ‘Oui
920 4110 1037 4183 quidem
1056 4109 1126 4184 quid
1144 4109 1288 4183 placuerit
1305 4110 1474 4169 accuratius

348 4192 526 4264 perscrutari
544 4208 601 4249 non
620 4210 692 4265 opus
711 4198 766 4251 est.
802 4191 910 4255 Omnes
929 4194 1005 4252 enim
1023 4195 1182 4268 scriptores
1200 4193 1372 4254 confirmant
1388 4197 1472 4254 testi·

348 4276 475 4334 monium
488 4277 630 4350 Diogenis
643 4279 741 4336 Laert.
760 4278 807 4351 qui
821 4279 847 4335 Χ
859 4279 898 4336 33
918 4280 1009 4338 tradit
1030 4297 1095 4338 eum
1106 4280 1234 4339 voluisse
1247 4276 1300 4358 „ro'
1311 4276 1382 4360 παρ’
1395 4275 1474 4353 ἡμᾶς

349 4351 509 4418 ἀδέσποτον
526 4355 601 4418 εἶναι
618 4363 637 4420 i.
665 4381 690 4420 e.
714 4364 893 4421 voluntatem
908 4377 977 4422 ¹esse
995 4364 1127 4423 liberam.
1172 4365 1261 4423 Unius
1279 4366 1423 4425 libertatis
1445 4367 1475 4424 ei
