3380 5306
802 464 971 525 ..35-

325 639 427 704 labore
446 637 598 718 quaesitae
616 635 783 698 fervoribus
800 637 872 698 solis
889 641 941 698 ant
956 635 1063 714 gelidis
1077 634 1192 713 pminis
1210 680 1218 694 .
1239 678 1246 694 .
1264 632 1456 710 perimun-

324 733 396 789 tur.
432 727 517 801 Qnac
535 725 661 786 sumita
679 724 745 803 sint,
765 722 812 784 his
829 724 975 803 versibus,
996 723 1054 784 etsi
1073 723 1178 783 5155115
1194 722 1226 781 15
1244 737 1344 782 eorum
1363 719 1457 780 forma

324 812 491 893 haeremus,
509 816 609 872 155555
626 827 718 886 aegre
736 827 897 870 careamus.

478 914 494 974 1
513 915 585 973 oro.
605 915 644 972 rr
664 912 829 972 :1792
849 913 869 971 s
889 931 928 962 =
947 899 1083 971 111516.
1103 911 1145 970 uc

586 1000 647 1057 672
667 997 705 1058 cf.
730 998 793 1056 790

586 1085 648 1143 673
668 1103 709 1136 =
729 1084 791 1142 797

586 1170 650 1228 674
668 1189 710 1222 =
729 1167 790 1227 757
814 1163 1022 1251 („vigesoere“
1041 1184 1094 1244 pro
1113 1161 1303 1248 „vigescat“)

727 1254 742 1313 I
761 1254 908 1313 789-93
928 1273 967 1304 =
986 1253 1016 1311 11
1035 1251 1184 1311 tuo-54

846 1340 907 1397 797
927 1363 967 1394 =
1055 1338 1116 1397 756
1197 1361 1241 1388 =
1262 1336 1372 1396 [1864

617 1420 688 1507 (Gn.
708 1425 750 1484 60
767 1442 845 1504 sqq.,
863 1425 919 1484 To.
938 1423 1011 1503 551,
1030 1423 1081 1486 Br.
1100 1419 1187 1505 206).

414 1530 468 1590 Vv.
487 1529 502 1588 I
520 1528 583 1588 670
601 1545 667 1604 555.

370 1634 437 1675 nam
456 1615 661 1690 quodcumque
679 1612 740 1672 5515
757 1617 900 1674 mutatum
916 1612 1024 1675 linibus
1043 1611 1113 1691 exit,

371 1700 508 1760 continuo
526 1698 583 1758 hoc
600 1715 679 1758 mors
697 1702 743 1758 est
759 1697 838 1758 illius
856 1697 1008 1774 55551511
1026 1703 1105 1759 ante.

372 1785 497 1862 proinde
514 1784 620 1860 aliquit
637 1801 779 1861 superare
796 1801 919 1846 neccsse
936 1790 983 1845 est
1000 1784 1145 1844 incolume
1163 1782 1239 1860 ollis,

372 1890 410 1932 ne
428 1871 484 1931 tibi
501 1887 550 1930 res
567 1870 694 1930 redeant
711 1870 750 1929 ad
767 1869 859 1930 nilum
876 1870 1007 1931 funditus
1025 1884 1126 1929 omnes

372 1956 410 2017 de
425 1956 545 2032 niloque
563 1959 669 2016 renata
685 1955 821 2031 vigescat
838 1956 924 2033 copia
941 1974 1040 2016 rernm

330 2059 388 2119 Gn.
407 2064 566 2134 propterea
589 2057 772 2134 potissimum
797 2061 895 2118 tentat
919 2059 998 2133 5555
1021 2055 1159 2117 Lucretio
1181 2053 1364 2116 Heraclitum
1381 2052 1456 2117 eins-

330 2163 388 2220 qne
425 2148 589 2204 sectatores
622 2142 682 2222 „ad
714 2141 874 2203 absurdum
907 2141 1036 2203 ducero“
1072 2141 1185 2201 volenti
1215 2159 1264 2200 vv.
1298 2139 1359 2197 672
1390 2156 1456 2215 sqq.

330 2231 437 2290 obsint.
495 2229 535 2288 At
556 2228 631 2289 haec
662 2226 815 2287 deductio
844 2227 944 2288 1151155
973 2247 1002 2288 v.
1029 2228 1108 2306 6713
1133 2225 1351 2302 argumentatio
1380 2225 1457 2284 enim

329 2315 468 2375 universa
494 2319 540 2375 est
560 2313 653 2374 haec:
677 2313 702 2372 51
726 2313 805 2389 ignis
827 2313 857 2373 in
881 2319 967 2374 coetu
983 2313 1078 2374 omnis
1100 2312 1306 2389 exstinguitur,
1328 2315 1458 2370 mutatur

330 2406 360 2461 et
377 2401 479 2460 interit
496 2399 610 2479 omnis;
637 2416 686 2458 res
710 2399 803 2475 igitur
825 2399 865 2458 ad
888 2399 1011 2460 nihilum
1027 2398 1153 2459 redeunt
1170 2401 1200 2458 et
1218 2415 1235 2457 5
1252 2396 1344 2457 5115115
1362 2396 1459 2456 55155-

329 2489 471 2567 tnr,'nam
491 2530 498 2544 .
519 2530 526 2544 .
547 2504 573 2564 .;
595 2483 721 2561 proinde
741 2519 777 2526 —
798 2503 836 2544 ne
853 2503 902 2545 res
919 2486 959 2545 ad
976 2484 1098 2544 nihilum
1116 2485 1241 2544 redeant
1264 2488 1295 2543 st
1312 2483 1349 2542 de
1366 2482 1458 2541 nihilo

330 2575 505 2632 renascatur
523 2571 609 2646 copia
627 2587 726 2629 rerum
743 2602 786 2614 -
804 2569 918 2645 aliquid
936 2585 1077 2646 superare
1095 2586 1217 2629 neccsse
1236 2573 1282 2629 est
1303 2568 1457 2627 incolume.

329 2656 416 2717 Nunc
434 2656 535 2735 igitur,
554 2656 693 2731 qnoniam
711 2655 876 2716 certissima
894 2655 1039 2733 quaedam
1057 2673 1183 2732 corpora
1201 2659 1279 2733 sunt,
1298 2671 1375 2730 qnae
1390 2671 1457 2712 ean-

329 2743 397 2802 dem
414 2759 531 2819 semper
548 2745 669 2802 servant
686 2745 821 2800 namnam
839 2736 872 2821 (i.
892 2759 918 2802 e.
938 2741 1077 2818 quoniam
1094 2740 1208 2817 aliquid
1226 2745 1361 2815 superest
1378 2739 1459 2798 iuco-

330 2824 437 2910 lume),
462 2827 537 2887 haec
559 2844 685 2903 corpora
702 2826 792 2900 ignea
810 2844 877 2887 esse
894 2845 953 2887 non
970 2831 1094 2902 possunt
1112 2871 1119 2886 .
1139 2870 1148 2887 .
1167 2870 1175 2886 .
1197 2825 1267 2885 Noli
1286 2829 1459 2901 exspectare

330 2945 372 2957 -
400 2911 458 2972 hoe
492 2912 590 2972 obiter
622 2911 734 2971 addere
767 2912 856 2972 liceat
885 2947 927 2956 —
956 2919 989 2972 ut
1016 2913 1204 2990 syllogismus
1236 2911 1324 2971 latius
1352 2911 1459 2987 perdu-

332 3002 427 3077 catur,
452 2997 512 3058 ita:
538 2997 584 3077 „si
611 3014 744 3076 corpora,
771 3015 848 3073 quae
874 3015 1029 3075 superesse
1055 2999 1182 3077 debent,
1208 2998 1297 3074 ignea
1318 3014 1460 3058 essenon

332 3085 467 3162 possunt,
485 3083 565 3160 ignis
583 3083 614 3143 in
631 3083 801 3143 universum
817 3084 995 3160 principium
1008 3101 1079 3146 5555
1096 3081 1231 3159 55551111.
1282 3082 1359 3142 Nam
1384 3084 1461 3142 solet

331 3169 420 3230 Lucr.
441 3170 478 3229 de
496 3169 620 3245 siugulis
638 3174 842 3244 argumentum
856 3174 970 3249 petere,
989 3171 1069 3245 5555
1083 3174 1134 3230 551
1147 3168 1290 3231 transfert
1304 3173 1354 3229 aut
1365 3173 1459 3228 15555-

330 3253 402 3316 15551
425 3255 489 3314 vult
512 3255 552 3314 ad
577 3253 675 3314 omnia
702 3254 818 3315 similia.
860 3256 947 3316 Velut
969 3256 1011 3315 IV
1033 3256 1072 3314 63
1096 3273 1142 3331 55.
1162 3254 1335 3331 quoniam
1352 3257 1460 3314 robora

331 3339 440 3401 firmum
465 3340 585 3401 mittunt
608 3384 615 3400 .
636 3383 672 3419 .,
702 3340 799 3400 tenuis
821 3358 937 3416 quoque
958 3340 1048 3400 debet
1073 3340 1170 3417 imago
1194 3340 1233 3400 ab
1262 3342 1350 3402 rebus
1372 3340 1459 3399 mitti.

331 3425 370 3485 ci.
388 3427 414 3486 V
431 3426 512 3484 1041
532 3441 597 3501 sqq.
616 3429 720 3500 putare
738 3425 865 3500 aliquem
883 3426 1002 3485 nomina
1019 3425 1204 3486 distribuisse
1221 3427 1309 3487 rebus
1328 3471 1336 3485 .
1356 3470 1363 3484 .
1383 3425 1459 3485 desi·

330 3515 446 3589 penest,
465 3529 533 3570 nam
551 3528 603 3571 555
621 3509 684 3569 hic
701 3515 803 3586 posset
821 3516 927 3572 cuneta
944 3515 1048 3571 notare
1066 3511 1198 3592 vocibus,
1221 3512 1294 3572 alii
1312 3512 1411 3571 facere
1428 3511 1459 3569 15

332 3615 390 3656 555
415 3597 515 3673 quisse
539 3596 702 3674 putentur?
729 3596 953 3673 1155551578
979 3603 1061 3657 55515
1083 3596 1243 3658 Lambinus
1273 3593 1458 3675 „quaedam“

331 3686 439 3758 poetae
460 3681 600 3742 reddidit.
642 3681 795 3757 Scriptura
812 3683 889 3743 enim
908 3679 1097 3763 „qnaeqne“,
1115 3701 1202 3759 quam
1220 3683 1324 3744 115555
1342 3683 1458 3761 5511551,

337 3766 499 3845 superandi
516 3785 591 3828 voce
608 3767 763 3829 refellitur.
1178 3797 1181 3803 ·

417 3871 484 3930 Duo
501 3869 589 3946 primi
605 3888 655 3931 vv.

375 3973 444 4017 nam
461 3955 665 4031 quodcumque
682 3956 743 4017 5515
762 4001 770 4017 .
790 4001 798 4017 .

376 4041 514 4103 55511555
533 4041 589 4101 hoc
607 4058 686 4102 mors
705 4046 751 4103 est
770 4087 777 4102 .
798 4087 805 4103 .

332 4147 489 4206 recurrunt
505 4143 549 4203 Ill
567 4143 639 4204 519.
659 4145 710 4204 20.
753 4145 791 4204 Η.
811 4146 830 4204 1.
855 4145 984 4206 animum
1008 4146 1164 4207 mortalem
1182 4163 1248 4206 esse
1267 4163 1302 4206 eo
1320 4147 1462 4222 probatur

333 4232 414 4307 quod
432 4231 532 4290 sanari
549 4234 658 4306 potest.
710 4230 787 4290 Mira
814 4232 931 4292 videtur
947 4232 1023 4292 haee
1040 4233 1199 4313 conclusio,
1217 4231 1271 4292 sed
1289 4232 1460 4293 55115555-

332 4317 424 4377 tiana.
464 4317 541 4376 Nam
558 4317 690 4376 sanando
708 4315 822 4376 animus
839 4322 984 4397 mutatur,
1002 4319 1082 4394 quod
1100 4323 1197 4379 autem
1215 4322 1344 4378 mutatur
1362 4337 1378 4378 e
1396 4317 1460 4376 lini·

333 4401 389 4462 bus
406 4402 485 4482 exit,
513 4419 584 4478 ergo
609 4402 742 4463 mortalis
767 4406 822 4462 551.
874 4401 932 4463 Gn.
957 4404 1024 4464 illos
1045 4423 1094 4463 vv.
1119 4405 1252 4464 subditos
1270 4402 1460 4481 existimavit,
