3380 5306
719 459 869 514 „7-

232 628 351 701 quidem
371 645 484 705 „quare
502 628 592 687 etiam
611 633 700 702 atque
718 624 826 687 etiam“
847 621 874 708 (Ι
892 627 963 704 295,
987 627 1078 703 1049,
1101 626 1209 684 11377
1230 669 1237 684 .
1257 621 1279 700 .)
1297 643 1355 684 non

231 713 339 772 idonea
356 713 502 791 videntur,
527 732 590 772 cum
610 713 716 789 quibus
735 714 896 788 iungantur
913 717 1022 787 negata
1041 711 1094 770 illa
1113 711 1253 789 „minime
1268 711 1354 771 mira-

231 799 291 857 rier
309 803 354 858 est
371 795 446 873 par“
466 817 492 859 e.
511 817 540 874 g.
559 800 600 859 IV
618 800 680 857 289

348 902 440 958 quare
459 885 547 945 etiam
566 889 655 960 atque
673 884 761 945 etiam
779 883 897 942 minime
914 883 1048 942 mirarier
1065 887 1111 941 est
1129 899 1192 956 par,

283 968 321 1029 cf.
523 1005 757 1012 —---——--
781 971 883 1043 procul
895 973 940 1028 est
951 975 983 1028 ut
994 969 1114 1027 credere
1125 967 1220 1042 possis
1232 968 1272 1028 IV
1282 967 1354 1027 856.

230 1055 323 1114 Porro
341 1074 409 1114 num
427 1061 515 1131 putas
533 1075 580 1115 vv.
600 1056 626 1114 V
645 1054 717 1115 855.
737 1055 754 1112 6

272 1141 423 1215 multaque
441 1146 502 1200 tum
520 1141 668 1201 interiisse
688 1142 866 1200 animantum
886 1140 985 1199 saecla
1007 1143 1212 1199 necessest

273 1243 341 1284 neo
364 1227 542 1300 potuisse
564 1227 757 1302 propagando
776 1225 939 1298 procudere
957 1228 1070 1299 prolem

229 1310 355 1370 futurum
374 1310 464 1371 fuisse
488 1318 520 1373 ut
545 1313 589 1372 ita
611 1311 879 1389 conformarentur,
907 1311 962 1369 nisi
988 1309 1198 1370 antecederent
1220 1309 1355 1369 similiter

230 1397 309 1456 elata

270 1487 301 1541 ut
318 1483 511 1558 propagando
534 1482 687 1557 possint
708 1479 919 1557 procudere
942 1484 1041 1541 saecla
1060 1476 1171 1562 (850)?
1278 1553 1281 1558 1

228 1569 275 1626 Νι
295 1586 426 1642 opponas
445 1568 569 1628 eandem
586 1568 708 1627 sormam
728 1571 846 1626 exstare
864 1567 905 1625 lV
923 1566 995 1637 405.
1016 1568 1034 1624 6

654 1643 781 1729 ideoque
806 1657 1019 1734 necessest*

272 1759 344 1800 nonv
369 1738 524 1814 possint
546 1738 619 1798 alios
637 1739 688 1798 alii
707 1739 882 1798 convincere
900 1756 1014 1815 sensus,

229 1842 333 1884 moneo
350 1825 392 1884 ibi
411 1841 513 1883 versus
532 1824 640 1882 exitum
660 1825 806 1903 ⁷,ideoque
824 1821 995 1883 necessest“
1014 1841 1051 1881 ex
1069 1842 1097 1881 v.
1117 1823 1179 1880 490
1193 1821 1299 1880 audiri.
1312 1855 1353 1864 —-

230 1910 315 1983 Quod
333 1911 382 1986 qui
400 1913 501 1985 negat,
519 1913 617 1968 tamen
636 1910 780 1984 largietur
797 1910 923 1968 fortasse
941 1929 989 1968 vv.
1009 1910 1044 1967 V.
1065 1910 1135 1966 182.
1154 1908 1173 1965 3

271 1996 390 2056 notities
408 1995 556 2055 hominum
575 1995 620 2054 dis
638 1995 716 2054 unde
734 2000 780 2054 est
796 1996 887 2053 insita
904 1996 1037 2070 primum,

271 2083 343 2156 quid
360 2083 469 2142 vellent
486 2079 584 2139 facere
603 2087 635 2141 ut
652 2081 761 2140 scirent
779 2081 934 2156 animoque
952 2079 1110 2138 viderent?

230 2167 405 2241 compositos
424 2183 489 2227 csse
508 2167 546 2225 ad
566 2167 730 2242 exemplum
748 2185 885 2226 versuum
904 2167 928 2225 V
949 2165 1116 2223 1047-49

671 2251 749 2311 unde
768 2252 856 2310 insita
873 2251 991 2311 notities
1010 2254 1055 2309 est

271 2338 407 2398 utilitatis
426 2344 455 2399 ιι
472 2340 550 2398 unde
569 2339 640 2396 data
658 2342 703 2408 est
720 2337 789 2396 huic
806 2337 902 2411 prima
919 2343 1060 2412 potestas,

273 2423 344 2498 quiid
361 2425 459 2502 vellet,
479 2422 578 2482 facere
596 2429 628 2481 ut
646 2423 755 2482 scirent
772 2424 930 2497 animoque
948 2421 1106 2482 viderent?

228 2511 292 2568 Hoc
321 2510 399 2569 enim
433 2512 498 2569 loco
534 2509 681 2569 sententia
714 2510 776 2567 sine
806 2509 931 2568 salebris
963 2509 1004 2566 ita
1036 2506 1141 2566 currit:
1177 2508 1254 2567 rrndc
1285 2505 1352 2566 lruic

229 2593 346 2656 notities
365 2594 499 2655 utilitatis
518 2595 607 2654 insita
626 2598 671 2652 est
690 2598 719 2653 ιι
737 2594 832 2668 prima
850 2598 982 2667 potestas
1000 2591 1099 2653 facere
1118 2597 1149 2651 ut
1168 2593 1278 2652 scirent
1295 2588 1350 2672 (so.

226 2675 331 2761 ceteri)
357 2681 513 2756 animoque
538 2665 673 2740 riderent
698 2679 769 2755 quid
791 2681 881 2738 vellet
899 2675 953 2758 (sc.
972 2673 1072 2759 ipse)?
1095 2678 1145 2736 illo
1170 2683 1268 2738 aurtem
1292 2697 1351 2738 non

226 2767 285 2825 alia
303 2766 389 2846 modo
408 2772 437 2826 et
455 2767 550 2827 minus
569 2769 691 2840 elegans
710 2770 755 2825 est
773 2770 936 2824 structura:
960 2764 1127 2824 notities
1145 2769 1183 2823 ut
1202 2766 1352 2824 scirent

226 2852 382 2927 animoque
407 2851 542 2911 viderent
567 2852 640 2927 quid
658 2852 767 2912 vellent
789 2850 902 2929 facere⁷
930 2850 983 2910 sed
1006 2850 1107 2910 neseio
1133 2869 1170 2909 an
1196 2850 1270 2908 mira
1293 2851 1352 2910 siut

226 2938 318 2997 uerba
336 2943 389 3015 „ut
407 2939 517 2997 scirent
535 2939 606 3013 quid
626 2939 735 2996 vellent
752 2933 882 3014 facere“‚
909 2954 974 2995 cum
995 2940 1199 3011 exspectemus
1225 2940 1278 3014 „ut
1296 2937 1351 2995 sci-

227 3027 292 3082 rent
315 3023 364 3098 qui
392 3041 442 3083 eos
468 3018 499 3104 (i.
519 3042 545 3083 e.
571 3017 717 3103 homines)
742 3021 840 3081 facere
860 3019 1053 3096 possent“.
1098 3020 1181 3093 Quae
1204 3021 1351 3096 disputavi

227 3128 284 3167 non
308 3109 481 3168 refelluntur
509 3127 544 3168 eo
570 3109 648 3182 quod
672 3108 716 3165 illi
739 3125 843 3167 versus
868 3109 897 3166 in
923 3108 1051 3165 carmine
1077 3107 1130 3165 hos
1155 3107 1351 3185 antecedunt;

227 3194 335 3253 etenim
361 3193 419 3254 iam
440 3195 646 3254 Lachmannus
671 3194 737 3252 aliis
762 3193 925 3252 rationibus
942 3211 990 3250 vv.
1009 3192 1035 3250 V
1055 3192 1224 3250 110—234
1249 3196 1354 3266 postea

228 3279 349 3339 carmini
369 3279 498 3339 intextos
522 3297 586 3339 csse
605 3278 742 3338 ostendit.
771 3312 813 3320 —
841 3279 874 3336 In
893 3278 951 3337 alio
970 3277 1144 3337 emblemate
1168 3280 1286 3336 exstant
1304 3297 1352 3337 vv.

228 3360 240 3446 (
332 3468 396 3510 cum
408 3360 583 3525 pradesertim
593 3449 641 3508 lric
650 3444 704 3527 (sc.
712 3449 791 3508 orbis
798 3443 956 3529 terrarum)
967 3448 1005 3506 sit
1013 3454 1118 3507 natura
1126 3448 1232 3526 factus,
1246 3454 1275 3509 et
1288 3449 1353 3524 ipsa

331 3541 435 3611 sponte
453 3556 507 3596 sua
524 3535 600 3594 forte
621 3535 791 3595 offensando
809 3534 920 3593 semina
938 3553 1035 3593 rerum

232 3623 313 3680 1000
331 3621 509 3681 multimodis
527 3625 637 3680 temere
656 3621 685 3679 in
706 3638 821 3680 cassum
840 3620 1008 3694 frustraque
1027 3624 1130 3679 coacta

330 3708 680 3780 taudemcoluerunt
702 3723 831 3780 eaquae
850 3706 983 3764 coniecta
998 3709 1121 3779 repente

330 3811 502 3868 magnarum
520 3810 618 3851 rerum
641 3791 787 3850 fierent
809 3789 931 3849 exordia
949 3808 1074 3868 semper,

328 3879 418 3938 terrai
437 3879 525 3937 maris
544 3883 574 3936 et
591 3877 665 3936 caeli
683 3877 858 3952 generisque
876 3877 1065 3935 animantum.

227 3960 268 4046 (v.
290 3965 370 4022 1061
393 3961 586 4043 ,,ιοΙιιιιιιιιι“
611 3963 739 4022 restituit
761 3958 905 4043 Lachm.).
946 3963 992 4020 Ex
1017 3962 1063 4020 his
1082 3966 1164 4021 recte
1182 3961 1286 4036 opinor
1303 3961 1352 4022 hic

227 4050 437 4110 sententiarum
455 4066 631 4126 progressus
651 4047 782 4107 elicitur:
806 4043 851 4128 (ln
870 4047 983 4106 infinito
1002 4047 1097 4122 spatio
1115 4067 1173 4106 non
1193 4048 1352 4107 verisimile

227 4142 271 4196 cst
289 4136 366 4195 huno
384 4154 472 4194 sunum
491 4136 592 4195 orbem
610 4139 755 4193 terrarum
776 4140 905 4194 creatum
924 4152 1005 4210 esse,
1028 4139 1072 4193 tot
1090 4139 1189 4193 autem
1207 4135 1353 4192 elementa

226 4222 298 4280 foris
316 4222 389 4280 nihil
407 4217 521 4301 agera)
539 4219 714 4295 praesertim
734 4237 798 4278 cum
816 4218 865 4279 hic
884 4215 988 4300 (orbis)
1007 4219 1111 4278 eadem
1129 4223 1251 4296 natura,
1275 4237 1351 4292 quae

227 4306 391 4366 dominatur
409 4308 440 4366 in
455 4307 601 4384 universo,
621 4305 716 4365 factus
732 4305 770 4364 sit
788 4312 818 4364 et
833 4305 994 4381 primordia
1013 4323 1077 4364 eum
1096 4304 1207 4364 eisdem
1224 4304 1351 4364 motibus

227 4393 394 4472 effecerint,
420 4393 526 4468 quibus
548 4391 664 4451 omniuo
689 4410 737 4451 res
760 4409 885 4466 magnas
909 4426 949 4434 —
966 4395 1071 4449 terras
1096 4389 1189 4450 maria
1215 4393 1284 4449 cett.
1311 4401 1351 4432 -’-
