3380 5306
815 458 981 516 ..48-

337 626 465 689 tuendae
494 633 563 689 sunt
592 647 680 705 quam
710 592 786 705 quae
814 629 899 704 pueri
926 629 958 688 in
986 629 1118 689 tenebris
1146 628 1303 705 pavitant?
1331 624 1468 701 Quodsi

337 717 489 793 probatur,
507 714 551 774 illi
569 733 617 775 vv.
636 715 699 776 111.
718 717 769 774 vix
785 715 881 790 magis
899 714 1223 791 offenduntquaminl.
1237 707 1465 796 V1.(35-41)‚

339 818 376 861 ex
399 818 457 878 quo
480 800 511 858 in
533 800 612 860 hunc
635 801 773 862 translati
801 817 868 860 esse
891 799 1037 860 dicuntur.
1097 800 1215 861 Etenim
1246 800 1273 859 61
1300 799 1467 860 accuratius

215 918 218 922 -
338 885 519 961 inquiremus
546 887 576 946 in
605 887 686 946 illum
714 889 828 965 locum,
858 883 970 946 hiatum
1001 885 1267 946 animadvertemus
1295 886 1375 945 111161
1401 902 1468 944 sen·

339 971 462 1031 tentiae:
483 973 667 1046 probavit
684 971 830 1048 Epicurus
851 971 984 1031 homines
1007 971 1179 1047 plerumque
1202 969 1312 1032 frustra
1333 989 1468 1031 curarum

338 1057 444 1117 flnctus
461 1057 493 1116 in
510 1061 632 1134 pectore
649 1058 779 1118 volvere.
814 1075 894 1117 nam
911 1057 1058 1116 interdum
1075 1057 1244 1117 timemus
1263 1101 1270 1116 .
1291 1076 1316 1136 ,ς
1336 1055 1386 1130 qni
1404 1057 1467 1132 qni-

340 1141 406 1202 dem
434 1140 531 1203 hiatus
562 1142 650 1204 facile
675 1144 717 1202 ita
746 1145 895 1219 expletur:
932 1143 1069 1218 probavit
1098 1143 1242 1218 Epicurus
1271 1141 1404 1202 homines
1427 1187 1434 1203 .
1460 1187 1467 1202 .

340 1227 463 1307 timere;
481 1226 537 1288 boc
555 1246 656 1288 verum
674 1233 737 1309 est3
755 1248 824 1289 nam
837 1228 973 1288 timemus
994 1273 1001 1288 .
1021 1273 1028 1287 .
1049 1272 1056 1287 .
1076 1228 1136 1289 Sed
1150 1227 1288 1288 incohata
1303 1233 1348 1288 est
1363 1228 1467 1307 oratio,

341 1313 427 1387 quasi
444 1313 487 1372 ite
505 1315 740 1375 continuaretur:
759 1309 912 1396 (probavit
922 1309 982 1396 lu),
1000 1313 1082 1374 cuius
1099 1331 1156 1388 ego
1174 1314 1327 1390 ingressus
1342 1314 1470 1389 vestigia

341 1443 349 1458 .
369 1443 377 1458 .
395 1399 527 1459 rationes
544 1417 707 1476 persequor
725 1445 733 1459 .
753 1444 761 1459 .
783 1396 823 1479 (V
840 1393 905 1482 55).

428 1484 511 1558 Quae
539 1503 605 1545 cnm
628 1486 671 1545 ita
696 1486 769 1564 sint,
795 1501 900 1545 versus
924 1487 986 1544 tres
1011 1483 1167 1545 inferiores
1195 1484 1330 1560 primitus
1357 1483 1469 1560 positos

342 1587 408 1630 esse
432 1571 560 1631 arbitror
584 1571 613 1630 iu
639 1571 659 1630 l.
684 1571 709 1650 1,
733 1575 826 1631 totam
852 1569 959 1630 seriem
981 1571 1012 1628 in
1036 1571 1056 1628 l.
1078 1571 1118 1649 Π,
1140 1575 1289 1645 postremo
1311 1571 1343 1629 in
1367 1571 1469 1630 ultimo

341 1656 426 1715 libro.
446 1690 487 1699 —

427 1742 538 1802 Versus
555 1757 666 1820 omnes,
685 1740 723 1802 66
742 1742 848 1820 quibus
867 1740 1004 1820 diximus,
1022 1741 1110 1800 Lucr.
1130 1740 1299 1800 memoriter
1315 1729 1490 1816 repetiisse¹

341 1827 439 1902 putari
462 1831 570 1906 potest,
596 1828 702 1886 multos
729 1827 817 1888 etiam
839 1827 884 1886 ita
904 1832 937 1886 nt
955 1844 1021 1886 eum
1039 1825 1157 1886 iteratio
1176 1825 1303 1886 falleret.
1347 1827 1471 1885 Restant

343 1912 401 1972 dno
420 1913 488 1992 1661,
507 1913 558 1987 qui
576 1912 727 1988 longiores
745 1918 813 1972 sunt
832 1931 920 1987 quam
937 1916 970 1971 ut
986 1910 1043 1971 boo
1060 1911 1214 1987 probabile
1232 1912 1281 1970 sit.

427 1997 635 2058 17217-26
656 2018 696 2049 =
715 1998 932 2059 71923-35.
968 1991 1039 2078 (Gn.
1059 1999 1109 2076 73,
1134 1997 1189 2060 To.
1209 1998 1282 2075 551,
1307 1996 1358 2056 Β1.
1384 1991 1470 2078 207).

428 2078 482 2164 (IV
500 2085 561 2142 221
588 2116 630 2126 -
653 2084 755 2144 variae
781 2118 823 2127 -
848 2101 937 2144 voces
960 2083 1101 2163 volitare,
1125 2083 1167 2143 Vl
1192 2083 1255 2141 927
1274 2115 1317 2125 -
1334 2082 1410 2141 varii
1429 2115 1471 2124 -

427 2169 541 2229 sonitus
558 2164 701 2251 manare).
1061 2243 1064 2250 Ι

343 2257 503 2330 Postquam
533 2253 692 2314 Goebelins
725 2249 868 2335 (quaesti.
903 2254 1035 2314 Luerett.
1070 2271 1120 2330 pg.
1157 2255 1197 2310 22
1236 2248 1316 2334 sqq.)
1352 2251 1471 2312 demon-

344 2347 439 2401 strare
464 2340 577 2401 studuit
600 2357 649 2399 vv.
678 2341 719 2400 lV
746 2341 894 2397 218--29
923 2339 997 2398 falso
1026 2355 1092 2399 esse
1117 2339 1270 2417 repetitos,
1299 2337 1356 2399 Gn.
1383 2339 1472 2398 etiam

345 2425 575 2486 antecendentes
599 2425 672 2486 dnos
700 2427 761 2484 216
788 2431 818 2485 61
846 2425 883 2483 17
908 2444 928 2483 a
951 2425 1090 2484 Lucretio
1115 2424 1312 2504 abiudicavit3
1335 2428 1424 2499 atque
1441 2425 1471 2482 in

344 2512 421 2572 hauc
439 2511 615 2572 sententiam
633 2512 770 2571 abierunt
787 2509 850 2570 fere
875 2527 987 2570 omnes.
1032 2510 1091 2570 Sed
1113 2509 1219 2588 causis,
1243 2527 1317 2584 quas
1336 2509 1471 2588 6116111111,

345 2616 404 2659 uon
432 2596 586 2657 assentior.
643 2596 830 2658 contendunt
858 2595 936 2655 enim
964 2615 983 2656 a
1010 2613 1060 2655 vv.
1092 2595 1269 2673 177-215,
1301 2595 1406 2670 quibus
1435 2594 1472 2654 66

346 2683 512 2743 simulacris
530 2688 646 2762 agatur,
671 2683 798 2742 alienum
818 2699 885 2742 6666
903 2681 983 2757 qnod
999 2681 1090 2741 fluant
1107 2700 1126 2741 a
1143 2681 1232 2740 certis
1250 2681 1338 2740 rebus
1356 2679 1472 2758 odores,

346 2767 440 2844 frigus
464 2787 484 2829 a
509 2768 616 2844 fluviis,
643 2785 731 2827 voces
759 2767 884 2826 volitent
905 2783 960 2841 per
977 2783 1074 2844 611166,
1094 2766 1232 2840 quoniam
1254 2766 1360 2826 odores
1378 2766 1473 2841 frigus

346 2871 435 2914 voces
459 2872 517 2913 non
543 2854 701 2913 simulacra
726 2852 795 2912 sint.
846 2851 887 2911 At
904 2857 1001 2912 utrum
1019 2851 1145 2929 effluvia,
1172 2867 1248 2925 quae
1266 2869 1354 2910 61166
1372 2869 1472 2911 nares-

350 2957 408 3014 que
432 2941 592 3016 lacessunt,
618 2939 806 2999 nominentur
830 2936 1002 3016 simulacra,
1029 2956 1067 2997 an
1093 2954 1129 2996 ea
1150 2940 1264 2997 tantum
1286 2955 1363 3013 qnae
1380 2937 1473 2997 oculis

348 3029 518 3105 6611111111,
536 3042 602 3085 meo
617 3024 726 3084 indicio
741 3022 781 3082 ad
797 3041 860 3083 rem
877 3042 936 3082 non
954 3024 1075 3083 multum
1093 3021 1165 3082 facit
1177 3017 1228 3103 (cl.
1246 3026 1345 3083 tamen
1356 3023 1398 3082 IV
1410 3024 1470 3081 881

347 3112 559 3171 simulacra
574 3109 703 3190 meandi,
727 3111 768 3170 IV
786 3110 848 3168 566
874 3114 975 3169 servat
995 3127 1054 3170 vox
1072 3125 1206 3184 quaeque
1223 3107 1473 3168 formaturam

348 3202 378 3258 et
394 3195 527 3273 figuram,
547 3197 608 3255 571
627 3196 726 3270 imago
744 3194 837 3274 verbi,
861 3196 924 3254 574
942 3194 1051 3255 formas
1068 3191 1248 3276 verborum).
1291 3194 1369 3254 Nam
1394 3199 1474 3254 66116

349 3283 424 3343 ratio
442 3281 663 3343 simulacrorum
688 3281 792 3341 eadem
813 3281 852 3340 ad
870 3282 968 3340 omnis
985 3297 1186 3355 quaecumque
1204 3297 1308 3340 sensus
1326 3282 1474 3340 lacessunt

349 3368 468 3429 effluvia
478 3385 573 3443 aeque
585 3368 732 3446 pertinet3
751 3366 885 3426 conferas
903 3384 929 3425 e.
942 3384 972 3442 g.
992 3384 1051 3440 qua
1064 3366 1178 3425 ratione
1192 3365 1290 3441 imago
1302 3365 1339 3425 de
1353 3367 1475 3441 speculo

348 3455 379 3514 in
405 3454 557 3529 speculum
580 3452 731 3532 11666111,
755 3457 788 3512 nt
811 3452 940 3526 quinque
964 3452 1054 3511 etiam
1079 3454 1131 3510 aut
1152 3468 1205 3510 sex
1227 3452 1385 3511 simulacra
1401 3451 1474 3512 dant

349 3536 403 3622 (IV
422 3541 483 3598 269
502 3556 568 3614 sqq.
587 3539 713 3598 maxime
731 3539 793 3596 326
807 3532 887 3617 sqq.)
906 3541 935 3597 61
954 3537 1004 3612 qni
1022 3555 1095 3597 saxa
1112 3554 1165 3596 sex
1183 3537 1272 3598 etiam
1289 3540 1341 3597 ant
1358 3542 1473 3612 septem

348 3643 436 3702 pares
454 3626 563 3685 formas
580 3625 737 3684 verborum
753 3622 879 3684 reddere
896 3623 1011 3698 possint
1029 3618 1083 3704 (IV
1097 3624 1158 3682 572
1171 3618 1261 3704 sqq).
1296 3622 1473 3699 Explicandi

348 3713 424 3772 ratio
447 3716 492 3771 est
516 3709 678 3791 simillima,
704 3710 783 3785 quod
806 3710 856 3768 vel
876 3709 1051 3770 transitione
1068 3708 1224 3788 indicatur,
1249 3725 1308 3784 qna
1329 3714 1419 3785 potta
1436 3710 1473 3770 de

348 3799 415 3858 visu
427 3795 466 3857 ad
477 3801 592 3857 ceteras
602 3797 807 3873 perceptiones
821 3813 958 3856 sensuum
975 3794 1146 3855 tractandas
1164 3794 1298 3870 procedit
1307 3788 1384 3877 (522
1397 3789 1472 3876 sq.):

391 3884 497 3943 Nunc
516 3883 567 3943 alii
585 3899 688 3942 sensus
706 3900 764 3958 quo
781 3886 869 3958 pacto
888 3881 1012 3957 quisque
1029 3899 1111 3941 snam
1128 3898 1191 3940 rem

392 3969 510 4048 sentiat,
529 3967 630 4028 hand
649 3985 796 4044 quaquam
813 3967 917 4027 ratio
936 3984 1125 4044 scruposa
1142 3966 1246 4026 relicta
1264 3970 1318 4026 est.

349 4055 446 4115 Audio
482 4053 607 4130 opponi:
645 4071 711 4114 cnm
749 4054 787 4113 de
814 4053 895 4132 visu,
934 4053 1041 4132 66616,
1081 4052 1193 4130 sonitu,
1234 4057 1303 4112 6611.
1338 4052 1473 4113 sensibus

349 4143 457 4222 agitur,
476 4141 548 4215 quid
566 4139 623 4199 sibi
640 4140 742 4199 volunt
759 4138 853 4214 frigus
870 4138 1032 4217 fluviorum,
1059 4137 1238 4216 6616166116,
1260 4142 1359 4198 aestus
1381 4139 1473 4198 unda-

349 4229 436 4288 rum?
464 4226 504 4287 At
531 4225 707 4302 respiciatur
734 4225 786 4284 illa
812 4242 888 4299 quae
914 4224 964 4302 „in
989 4227 1077 4286 rebus
1102 4221 1235 4299 apertis“
1258 4223 1331 4284 finnt
1356 4223 1475 4284 effluvia

351 4312 578 4390 comparationis
603 4311 701 4387 gratia
725 4310 861 4371 adbiberi
884 4305 990 4392 (frigus
1014 4314 1054 4370 ut
1077 4329 1096 4370 a
1119 4309 1216 4370 duviis
1238 4314 1269 4369 et
1286 4328 1315 4385 q.
1334 4327 1379 4385 sq.
1399 4305 1475 4392 219)

230 4483 232 4486 ¹
350 4401 394 4461 ita
417 4407 450 4460 ut
474 4398 518 4460 616
541 4399 704 4458 illustretur
726 4401 755 4458 61
777 4396 905 4457 16116666
929 4397 1017 4456 etiam
1042 4395 1249 4472 comprobetur
1278 4413 1474 4470 6111166661-
