3380 5306
710 486 860 544 ,5-

226 657 263 716 51.
282 657 358 717 haec
375 659 478 718 eadem
497 658 590 736 cibus,
609 657 639 716 15
658 674 749 716 venas
768 655 836 716 dum
855 656 966 716 diditur
983 659 1077 716 omnis
1095 658 1136 716 IV
1154 655 1216 715 955

269 741 381 804 diditur
397 744 427 802 in
448 761 537 803 venas
556 744 638 803 cibus
658 742 760 821 omnis,
780 747 871 818 auget
889 744 1000 819 alitque
1093 743 1224 820 111946,

268 829 378 888 mittier
395 830 432 888 ab
451 830 539 888 rebus
558 846 669 888 55555
687 827 724 887 (15
743 846 865 904 corpere
883 846 980 887 rerum
1000 823 1140 910 (effigias)
1250 827 1291 886 lV
1309 827 1349 885 43

268 915 306 973 51)
323 915 413 975 rebus
431 915 506 974 mitti
1000 911 1111 996 (imago
1130 907 1232 995 debet)
1250 913 1290 972 IV
1310 913 1350 970 64

269 1001 348 1075 quod
366 1019 459 1076 genus
477 999 618 1060 illatoris
637 1018 713 1075 quae
731 1017 801 1059 vere
820 1001 1050 1077 transpiciuntur
1068 1000 1109 1058 IV
1127 1002 1187 1058 271

202 1135 209 1146 .
268 1087 392 1146 alteret
477 1119 1041 1128 -—-——-—————--
1068 1087 1189 1145 111278

268 1170 300 1231 111
318 1190 435 1247 quoque
452 1172 489 1230 de
508 1171 629 1246 speculo
647 1171 845 1245 1555555155
864 1176 895 1229 51
913 1171 1048 1230 tradatur
1064 1171 1163 1246 imago
1181 1173 1222 1231 IV
1241 1173 1302 1230 326

268 1257 454 1332 usqueadeo
862 1259 1024 1317 translucet
1068 1293 1154 1300 --
1183 1258 1224 1316 IV
1242 1259 1303 1316 332

268 1361 305 1402 ex
315 1343 436 1404 ineunte
444 1362 518 1403 aevo
531 1339 715 1402 coniunctam
723 1347 812 1419 atque
820 1342 918 1402 uniter
928 1347 1026 1417 aptam
1035 1337 1155 1422 (terram
1165 1338 1241 1424 adri)
1253 1344 1277 1402 V
1288 1343 1349 1401 537

531 1430 687 1488 555155515
929 1435 999 1503 5515
1035 1425 1128 1510 (terra
1162 1426 1350 1510 a'e‘ri)V555
1396 1441 1398 1445 '

268 1518 427 1588 prepterea
442 1516 512 1591 quia
526 1520 587 1574 tam
1035 1520 1081 1573 est
1100 1510 1211 1596 (anima
1221 1508 1351 1596 corpori)

268 1604 360 1659 mutat
378 1601 454 1659 enim
473 1601 573 1660 muudi
592 1604 726 1659 naturam
744 1599 833 1659 151155
852 1605 934 1659 55155
1050 1619 1053 1625 ’
1228 1602 1265 1675 [V
1278 1601 1351 1679 558,

269 1702 306 1744 ex
322 1685 441 1761 alioque
459 1686 533 1746 51155
551 1691 644 1746 515155
663 1687 801 1760 excipere
819 1686 917 1744 omnia
935 1685 1024 1745 debet
1043 1687 1067 1745 V
1086 1688 1159 1745 828.
1179 1687 1197 1744 9

269 1770 311 1829 sic
328 1771 419 1846 igitur
436 1771 537 1831 mundi
555 1777 689 1832 naturam
707 1773 796 1831 totius
814 1776 896 1830 aetas

269 1861 371 1935 mutat,
391 1862 421 1917 et
439 1875 476 1916 ex
494 1858 552 1916 alic
570 1862 679 1917 terram
698 1862 791 1918 515155
809 1857 918 1932 excipit
935 1859 1011 1917 alter
1041 1858 1066 1917 V
1085 1858 1158 1917 834.
1178 1857 1196 1915 5

573 1948 722 2020 tamquam
741 1943 869 2003 demissa
888 1945 1022 2003 columna

269 2028 298 2086 in
317 2045 398 2087 mare
417 2029 453 2087 de
473 2030 556 2088 caelo
1027 2028 1066 2086 VI
1085 2028 1158 2086 426.
1178 2030 1195 2085 7

225 2198 259 2256 15
277 2198 402 2259 diversis
421 2199 603 2275 argumentis
625 2202 773 2274 tamquam
792 2198 1010 2275 propositiones
1035 2200 1098 2259 sive
1121 2200 1270 2266 clausulae
1288 2199 1351 2258 sive

226 2283 461 2345 confirmationes
480 2289 652 2361 repetuntur
669 2302 723 2343 vv:

269 2374 337 2429 suut
354 2371 445 2446 igitur
463 2371 558 2430 solida
575 2371 736 2446 primordia
754 2371 943 2446 simplicitate
963 2371 975 2428 I
995 2371 1056 2428 609
1080 2425 1084 2430 .

575 2456 717 2530 pollentia
755 2457 1057 2514 ---1574

227 2540 264 2600 51.
287 2545 319 2600 51
342 2547 508 2616 quaesunt
533 2541 628 2602 solida
652 2541 814 2617 primordia
839 2541 1027 2616 simplicitate
1050 2541 1168 2620 11157,
1195 2541 1232 2601 de
1253 2543 1266 2599 l
1289 2542 1350 2599 548

227 2627 264 2686 51.
284 2645 334 2703 pg.
354 2628 396 2685 40

269 2732 307 2773 55
324 2712 378 2772 1151
396 2730 444 2772 res
462 2714 586 2773 redeant
604 2713 643 2772 ad
661 2714 749 2772 nilum
768 2712 900 2772 funditus
927 2731 1027 2772 omues
1052 2715 1066 2772 Ι
1092 2715 1163 2792 797,
1191 2713 1205 2770 I
1225 2713 1285 2770 673
1312 2713 1350 2773 cf.

268 2817 319 2874 pg.
339 2800 389 2877 36,
409 2800 437 2857 ll
457 2797 518 2857 756
538 2799 575 2858 51.
594 2817 644 2874 pg.
665 2800 716 2877 36,
735 2799 763 2856 ll
782 2799 845 2856 864
864 2799 902 2858 51.
922 2817 973 2874 pg.
992 2800 1031 2857 41
1297 2813 1299 2820 ’

269 2903 306 2943 55
321 2902 369 2944 res
382 2884 420 2943 ad
432 2886 521 2943 nilum
535 2885 708 2960 redigantur
720 2884 850 2943 funditus
862 2902 963 2944 55555
974 2887 989 2943 1
999 2887 1070 2964 791,
1082 2886 1111 2943 11
1123 2887 1140 2943 7
1144 2885 1184 2942 52
1199 2886 1236 2946 51.
1249 2905 1298 2962 pg.
1311 2889 1351 2945 36

270 2973 427 3045 praeterea
445 2971 470 3028 51
488 2971 660 3030 immortalis
678 2974 784 3030 natura
801 2970 937 3030 animaist
955 2972 997 3029 III
1017 2973 1079 3029 624

270 3140 949 3201 uamccmmuuibusiuterseradicibushaereut
967 3138 1353 3224 animusetccrpus)lll325

882 3261 942 3267 -
966 3231 1047 3286 terra
1058 3231 1089 3286 et
1100 3224 1236 3308 muudus)
1254 3227 1354 3287 V554

269 3333 337 3373 nam
357 3331 409 3373 cur
426 3314 495 3372 luna
514 3318 603 3387 queat
623 3358 630 3372 .
651 3358 658 3373 .
1025 3314 1051 3372 V
1070 3312 1131 3371 753

269 3405 401 3475 tempore
420 3399 524 3458 ecdem
542 3399 615 3458 aliut
633 3399 733 3459 facere
751 3399 782 3458 id
801 3419 859 3458 non
877 3417 964 3474 55555
982 3403 1101 3474 putetur
1130 3395 1132 3476 1
1165 3416 1271 3473 cerpus
1291 3401 1309 3457 7
1313 3397 1352 3461 56

271 3491 300 3546 51
318 3503 370 3545 cur
387 3490 466 3544 terra
485 3489 600 3560 queat.
621 3530 628 3544 .
1024 3485 1051 3545 V
1070 3487 1131 3543 762

272 3577 406 3646 tempere
425 3571 529 3630 eodem
547 3570 620 3629 aliut
637 3576 791 3646 nequeat.
813 3616 820 3630 .
841 3617 848 3631 .
870 3567 993 3652 {corpus
1071 3571 1131 3629 765

557 3675 662 3716 ..cur
679 3657 727 3715 hic
745 3662 845 3732 posset
864 3701 899 3716 ..
1003 3658 1131 3717 111043

272 3746 404 3817 tempore
423 3744 526 3802 ecdem
544 3741 596 3800 alii
613 3741 711 3801 facere
730 3742 760 3800 id
779 3761 837 3802 non
857 3743 955 3817 quisse
974 3743 1132 3818 putentur?
1154 3740 1236 3798 1045

272 3845 360 3904 porro
379 3828 452 3888 aliut
471 3829 608 3888 clarescit
626 3832 655 3887 et
673 3846 689 3887 e
708 3829 922 3902 contemptibus
941 3829 1002 3887 exit
1020 3828 1046 3886 V
1064 3829 1126 3886 833

462 3912 594 3974 succedit
941 3950 990 3956 ψ*
1022 3914 1149 3972 171278
1264 3961 1267 3968 ,

274 3998 360 4074 fulgit
371 4000 439 4058 item
550 4016 615 4057 cum
632 4003 785 4058 rarescunt
804 4016 920 4074 queque
938 3999 1040 4059 nubila
1096 3999 1171 4059 caeli
1189 3999 1229 4057 VI
1247 4000 1310 4057 214

273 4089 427 4159 praeterea
445 4079 545 4166 (pluit)
561 4119 800 4125 ——-—-
812 4121 954 4125 -—
965 4121 1039 4126 —---
1074 4086 1171 4144 ventis
1191 4086 1230 4143 VI
1249 4083 1311 4142 513

274 4176 395 4245 prepter
413 4170 583 4229 dissimilem
602 4175 735 4229 naturam
755 4170 964 4246 dissimilisque
995 4167 998 4252 Ι
1028 4176 1161 4231 texturas
1188 4165 1278 4250 (aliae
1307 4187 1356 4229 res

756 4257 823 4316 aliis
834 4257 1031 4319 animantibus
1043 4263 1131 4332 aptae
1143 4251 1222 4337 5551)
1241 4256 1281 4315 Vl
1293 4255 1354 4313 775

620 4393 622 4398 .
756 4348 895 4417 textaque
907 4360 1003 4402 rerum
1012 4338 1106 4424 (suam
1119 4341 1244 4417 quisque
1252 4359 1356 4400 sensus

757 4424 977 4510 rem-percipit)
995 4429 1036 4488 VI
1055 4429 1133 4509 99⁰3
