3380 5306
814 439 984 496 ..32-

338 605 484 686 videntur,
511 609 581 684 quia
607 627 706 668 eornm
731 613 935 684 argumentum
957 607 1114 669 antecedat
1131 609 1161 668 in
1179 601 1232 668 vn
1246 609 1289 666 III
1308 607 1466 667 olo-23.

338 692 378 750 nt
401 693 452 752 illo
469 695 534 753 loco
552 697 747 769 probatur
773 696 899 754 animum
917 695 947 752 in
965 700 1095 774 pectore,
1122 713 1181 755 non
1199 693 1229 752 in
1248 694 1343 768 capite
1361 695 1466 754 aliisve

339 779 472 852 corporis
497 781 636 840 membris
662 781 761 859 gigni,
790 780 847 840 hoc
871 784 969 839 autem
993 783 1149 857 probatum
1174 784 1377 854 argumentum
1402 780 1466 838 ad-

338 863 497 924 hibetur
522 866 560 924 ad
585 866 792 926 confutandam
820 866 1097 942 metempsychosin.
1122 901 1164 909 —
1190 866 1235 924 Ab
1264 866 1307 925 eis
1330 883 1387 923 non
1408 865 1466 924 dis·

340 967 463 1024 crepare
491 970 539 1011 vv.
570 951 706 1031 eoo-5,
737 952 843 1027 quibus
871 970 925 1026 per
953 953 1049 1012 iocum
1081 958 1206 1027 negetur
1234 951 1362 1010 animam
1389 968 1466 1008 mor-

338 1036 427 1094 talem
451 1055 516 1096 esse
543 1032 596 1118 (ita
623 1032 694 1118 Gn.)
721 1073 757 1079 -
784 1037 882 1113 potins
907 1038 1044 1112 equidem
1070 1038 1150 1113 ipsos
1176 1056 1223 1096 vv.
1249 1035 1386 1114 800-5,
1408 1055 1467 1094 non

339 1123 548 1182 antecedentes
574 1124 756 1184 sustulissem
780 1158 829 1201 —,
853 1128 886 1182 nt
908 1119 1067 1202 appareat,
1093 1123 1195 1182 horum
1214 1140 1355 1182 summam
1376 1123 1468 1182 verbo

338 1207 486 1268 indicasse
511 1209 592 1269 satis
627 1209 740 1268 habeo:
776 1211 900 1268 mortale
936 1227 1001 1268 cum
1029 1213 1148 1268 aeterno
1179 1209 1301 1284 iungere
1332 1208 1467 1282 desipere

245 1313 248 1318 ·
339 1297 395 1372 est,
421 1294 503 1368 atqui
527 1296 650 1354 mortale
676 1313 782 1370 corpus
808 1313 874 1354 cnm
898 1295 996 1353 anima
1014 1295 1143 1353 iunctum
1167 1300 1221 1372 est,
1249 1311 1320 1368 ergo
1343 1293 1469 1352 anima

339 1397 410 1438 non
446 1384 492 1439 est
526 1385 698 1440 aeterna.
740 1415 776 1422 —-
814 1375 936 1462 (Similis
973 1381 1118 1454 quaedam
1153 1380 1370 1455 argumentatio
1406 1378 1469 1437 erui

338 1468 438 1542 potest
463 1484 479 1524 e
505 1485 553 1525 vv.
578 1467 608 1524 ΙΙ
627 1466 710 1524 1010
728 1481 811 1541 sqq.:
839 1483 915 1541 quae
935 1466 1050 1526 fluitant
1073 1484 1132 1525 non
1154 1483 1246 1541 penes
1265 1470 1386 1524 aeterna
1405 1481 1467 1522 cor·

338 1569 413 1626 pora
431 1568 496 1611 esse
514 1556 648 1630 possunt,
666 1553 749 1627 atqui
776 1569 900 1628 corpora
924 1551 1021 1626 prima
1046 1556 1114 1611 sunt
1136 1556 1269 1629 aeterna,
1295 1568 1354 1609 non
1376 1550 1468 1624 igitur

338 1637 488 1697 fluitantes
518 1638 632 1697 colores
660 1655 752 1713 penes
780 1655 815 1696 ea
845 1655 910 1696 esse
938 1632 1082 1719 possunt).
1114 1673 1155 1680 -
1186 1637 1255 1697 Sine
1281 1635 1467 1711 gravioribus

341 1723 551 1783 mutationibus
569 1723 612 1781 illi
630 1743 679 1782 vv.
698 1724 728 1781 in
745 1723 766 1782 l.
778 1724 821 1780 lII
839 1723 955 1783 omnino
974 1742 1032 1782 non
1050 1741 1137 1798 posse
1156 1723 1219 1782 tolli
1237 1722 1309 1782 mihi
1321 1721 1466 1780 videntur.

341 1810 448 1883 Itaque
463 1809 504 1869 ibi
524 1827 574 1868 eos
592 1809 728 1885 primitus
746 1810 841 1869 locum
859 1809 998 1869 habuisse
1016 1808 1114 1868 credo.
1150 1808 1194 1868 Ac
1209 1809 1309 1868 nescio
1327 1826 1366 1866 an
1380 1808 1470 1866 liceat

342 1895 477 1954 conicere
503 1894 672 1954 Lucretium
696 1895 726 1953 in
752 1896 771 1954 l.
799 1895 824 1954 V
849 1895 880 1953 in
905 1895 1009 1953 miram
1033 1895 1114 1954 illam
1140 1892 1367 1970 argumentandi
1390 1893 1468 1952 viam

342 1978 508 2058 devenisse,
528 1981 598 2055 quia
615 1981 693 2039 illius
709 1981 875 2055 argumenti
889 1981 1064 2059 meminerit,
1084 1981 1163 2056 qnod
1180 1981 1210 2038 in
1227 1981 1247 2040 l.
1263 1980 1307 2037 III
1324 1979 1363 2038 ad
1381 1979 1469 2038 aliam

343 2066 461 2140 quidem
479 2084 541 2126 rem
560 2065 703 2126 adhibuit.
733 2067 830 2125 Verbo
849 2066 993 2126 adnotare
1011 2067 1113 2127 licebit
1130 2066 1196 2125 illos
1213 2085 1262 2126 vv.
1282 2065 1312 2124 in
1330 2067 1349 2124 l.
1367 2065 1393 2123 V
1410 2082 1469 2122 non

341 2153 428 2211 modo
446 2153 477 2210 in
494 2153 658 2227 posteriore
676 2151 751 2210 libro
771 2153 823 2211 sed
842 2153 940 2231 etiam,
960 2153 986 2212 si
1004 2153 1122 2226 quidem
1137 2151 1358 2212 lraohmannum
1372 2149 1468 2225 sequi-

341 2256 414 2316 mur,
433 2242 548 2312 partem
566 2237 683 2297 embolii
702 2255 777 2297 esse.

409 2339 723 2485 vsfflterfflhomines
750 2341 828 2400 docti
854 2341 884 2399 in
910 2340 1043 2399 diversas
1067 2339 1221 2398 discedunt
1245 2339 1406 2398 sententias
1432 2337 1469 2396 de

341 2444 390 2485 vv.
518 2461 557 2469 -
607 2430 622 2485 1

605 2575 608 2582 .
650 2530 892 2588 419-2221
928 2530 1097 2587 1021-24

648 2616 796 2674 422-26
816 2615 902 2673 :V
928 2616 1073 2673 187-91

693 2702 756 2759 428
817 2701 891 2758 :I
928 2701 1009 2758 1026

652 2787 798 2845 429-31
819 2811 860 2838 -:.
878 2787 907 2844 11
929 2787 1094 2845 1061-63

633 2883 703 2970 (Gn.
724 2891 774 2968 72,
793 2890 847 2949 To.
867 2888 940 2967 551,
959 2890 1008 2949 Br.
1029 2884 1115 2970 207).

343 2991 482 3065 Plerique
507 2990 584 3051 enim
609 2991 803 3065 Forbigerum
828 2991 920 3050 secuti
938 2992 1078 3050 lectorem
1103 2989 1250 3066 quendam
1275 2993 1396 3047 censent
1420 3005 1471 3047 eos

344 3079 375 3136 in
401 3078 421 3137 l.
444 3078 470 3135 V
492 3095 529 3136 ex
546 3077 671 3152 singulis
700 3077 837 3136 carminis
859 3078 993 3153 partibus
1016 3077 1254 3153 consarcinasse3
1279 3075 1469 3132 Neumannns

345 3167 450 3223 contra
472 3164 525 3222 el.
545 3164 570 3222 V
591 3181 642 3223 eos
668 3167 823 3239 excerptos
849 3167 878 3222 et
904 3164 934 3222 in
960 3163 1091 3238 singulas
1109 3169 1209 3237 partes
1227 3161 1385 3221 translatos
1402 3176 1468 3219 esse

346 3251 548 3309 demonstrare
567 3250 682 3328 studet3
700 3251 750 3308 Br.
770 3249 897 3324 denique
914 3255 1034 3325 poetam
1051 3249 1146 3323 ipsum
1164 3247 1274 3306 iudicat
1293 3263 1343 3304 eos
1361 3245 1391 3304 in
1409 3245 1428 3303 l.
1443 3246 1469 3304 V

344 3340 449 3410 postea
467 3335 635 3413 inseruisse,
654 3336 707 3394 sed
725 3340 881 3409 postquam
899 3355 946 3393 vv.
961 3335 1109 3392 184-94
1127 3329 1219 3414 (ipsos
1239 3348 1354 3406 quoque
1366 3335 1470 3405 postea

344 3417 486 3502 intextos)
505 3421 682 3498 scripsisset,
702 3438 752 3479 eos
770 3425 947 3479 mutaturum
965 3418 1065 3479 fuisse.
1086 3455 1126 3462 —
1143 3421 1207 3479 Nos
1228 3422 1260 3477 ut
1282 3435 1344 3476 rem
1364 3416 1468 3475 diiudi-

346 3524 455 3584 oemus,
484 3506 608 3580 primum
634 3506 766 3580 singulas
791 3509 893 3580 partes
919 3524 972 3566 suo
991 3523 1137 3580 quamque
1156 3507 1230 3582 loco,
1255 3502 1361 3561 deinde
1378 3507 1468 3562 totam

346 3593 576 3667 complexionem
594 3591 796 3651 tractabimus.
1361 3621 1364 3628 »

431 3696 446 3753 Ι
466 3695 634 3753 1021—24
652 3699 682 3754 et
700 3695 740 3752 26

490 3799 557 3838 nam
584 3785 663 3839 certe
689 3797 784 3855 neque
806 3779 928 3839 consilio
946 3778 1108 3855 primordia
1125 3796 1222 3837 rerum

491 3865 594 3924 ordine
613 3883 645 3924 se
661 3885 713 3925 suo
732 3883 866 3941 quaeque
885 3867 986 3942 sagaci
1003 3870 1102 3925 mente
1120 3866 1254 3924 locarunt
1289 3879 1290 3882 ’

493 3969 548 4010 nec
566 3969 640 4026 quos
659 3969 793 4026 quaeque
811 3953 917 4011 darent
936 3958 1032 4011 motus
1049 3951 1192 4026 pepigere
1210 3950 1354 4028 profecto,

493 4038 546 4096 sed
565 4038 634 4111 quia
651 4039 744 4097 multa
761 4038 856 4096 modis
873 4038 971 4097 multis
989 4041 1102 4096 mutata
1119 4054 1174 4111 per
1192 4053 1278 4096 omne

392 4122 473 4182 1025
493 4117 543 4204 (ex
561 4122 672 4182 inlicito
690 4127 836 4182 vexantur
853 4124 968 4198 percita
985 4118 1095 4204 plagis)

406 4257 408 4262 .
493 4226 578 4268 omne
595 4226 689 4283 genus
708 4211 804 4271 motus
823 4213 852 4268 et
870 4219 970 4268 coetus
989 4209 1170 4285 experiundo

492 4291 626 4376 (tandem
644 4295 805 4354 deveniunt
823 4295 853 4353 in
870 4296 939 4355 talis
958 4295 1162 4373 disposituras,

494 4381 630 4456 qualibus
648 4381 722 4441 haec
740 4398 837 4440 rerum
856 4381 990 4440 consistit
1012 4399 1124 4440 summa
1142 4376 1266 4463 ereata).
