3380 5306
506 1591 751 1686 Sententiae
784 1613 1088 1686 controversae.

320 1829 348 1886 1.
367 1826 535 1906 Lucretium
553 1824 567 1881 I
586 1824 658 1884 255.
679 1826 696 1883 6
716 1825 870 1899 scripsisse
886 1829 974 1901 puto:

274 1911 344 1971 hinc
362 1914 457 1970 laetas
475 1911 564 1969 urbes
582 1911 680 1985 pueris
702 1910 810 1970 florere
828 1911 971 1987 videnda,

274 1997 512 2071 frondiferasque
529 1995 614 2056 novis
632 1997 737 2056 avibus
758 1991 915 2055 scate're
934 1996 1064 2072 undique
1091 1997 1180 2056 silvas
1206 1991 1349 2162 (traditur)
1352 2015 1359 2054 ε

1231 2100 1337 2141 canere
1353 2127 1360 2141 .

318 2220 347 2276 2.
368 2219 580 2294 Argumentum
609 2235 746 2276 versuum
775 2217 862 2277 Lucr.
891 2217 905 2274 I
935 2217 996 2277 859
1021 2236 1086 2293 sqq.
1116 2218 1263 2292 integrum
1292 2217 1362 2276 mihi

233 2303 348 2362 videtur
368 2309 397 2363 et
414 2321 517 2363 versus
535 2303 592 2377 ipsi
609 2303 639 2360 iu
658 2302 734 2360 hune
752 2304 869 2362 modum
888 2302 1104 2379 distinguendi:

361 2390 495 2464 quoniam
516 2388 597 2447 cibus
615 2392 705 2462 auget
722 2399 836 2462 corpus·
847 2388 958 2462 alitque

276 2475 338 2531 860
360 2475 435 2534 seire
455 2475 524 2532 licet
541 2473 626 2532 nobis
643 2490 735 2532 venas
754 2478 784 2531 et
801 2491 933 2548 sanguen
952 2478 982 2533 et
1005 2491 1081 2551 ossa,

275 2560 335 2616 861
360 2560 422 2620 sive
442 2560 522 2618 cibos
534 2558 628 2617 omnis
647 2558 801 2617 commixto
820 2576 943 2632 corpore
961 2559 1060 2617 dicent

359 2662 426 2704 esse
444 2649 474 2703 et
491 2643 601 2702 habere
619 2643 648 2701 iu
667 2661 699 2702 se
717 2661 873 2704 nervorum
892 2661 1017 2719 corpora
1034 2662 1127 2718 parva

359 2748 486 2804 ossaque
505 2733 534 2788 et
552 2728 669 2786 omuino
687 2746 779 2790 venas
797 2730 949 2805 partisque
965 2731 1086 2808 crucris,

358 2815 408 2875 fiet
425 2815 468 2874 uti
486 2814 568 2873 cibus
587 2814 690 2892 omnis,
710 2819 739 2873 et
757 2815 856 2875 aridus
879 2820 908 2874 et
926 2817 1070 2896 liquor,
1088 2816 1153 2891 ipse

275 2900 337 2958 865
360 2919 398 2959 ex
413 2900 586 2974 alienigenis
609 2901 697 2959 rebus
717 2905 852 2960 constare
873 2905 1000 2975 putetur.

317 3038 346 3095 3.
365 3035 451 3095 Lucr.
472 3037 501 3093 ΙΙ
519 3036 559 3092 23
583 3035 768 3109 parenthesis
786 3035 903 3094 videtur
921 3038 1110 3111 agnoscenda
1128 3041 1197 3098 esse'
1213 3057 1269 3098 uec
1290 3056 1359 3098 vero

230 3123 389 3198 quidquam
405 3122 589 3181 mutandum:

272 3207 386 3282 gratius
405 3207 483 3265 iuter
501 3207 569 3264 duiu
588 3239 628 3248 —
645 3223 741 3280 neque
756 3211 862 3266 natura
880 3207 946 3281 ipsa
963 3207 1087 3281 requirit
1112 3243 1155 3250 -

272 3294 372 3352 sinon
391 3310 483 3351 aurea
500 3295 568 3351 suut
584 3292 721 3350 iuvenum
740 3291 896 3351 simulacra
916 3335 923 3350 .
944 3336 950 3353 .
973 3337 980 3351 .

313 3431 387 3488 Item
405 3428 492 3487 Luor.
511 3429 628 3486 111790
646 3421 684 3508 (V
699 3422 772 3508 134)
791 3428 937 3502 scriptura
954 3389 1226 3489 librorum'servari
1248 3434 1356 3509 potest,

122 3585 127 3588 ‚
230 3515 255 3575 si
274 3517 366 3575 verba
383 3514 426 3572 ita
444 3513 677 3587 distinguuntur:

482 3597 582 3657 animi
600 3602 705 3657 natura
723 3599 825 3673 nequit
844 3599 907 3658 sine
923 3617 1046 3675 corpore
1064 3600 1135 3658 oriri

265 3725 272 3740 .
358 3687 422 3744 sola
443 3701 539 3758 neque
557 3701 576 3742 a
593 3683 692 3742 nervis
711 3687 740 3741 et
758 3684 902 3758 sanguine
919 3685 1048 3760 longiter
1066 3702 1149 3763 esse3

274 3772 335 3829 790
357 3768 436 3844 quod
454 3803 496 3811 —
514 3769 539 3828 si
558 3773 659 3842 posset
676 3767 753 3826 enim
772 3803 812 3810 —
831 3770 921 3828 multo
940 3771 1020 3845 prius
1040 3771 1105 3845 ipsa
1123 3770 1212 3829 animi
1230 3771 1274 3850 vis

356 3855 387 3913 iu
405 3855 501 3930 capite
519 3857 569 3913 aut
586 3853 694 3913 umeris
714 3896 721 3911 .
742 3899 748 3914 .
770 3897 777 3913 .
796 3871 862 3914 esse
882 3850 886 3936 Ι
907 3860 1016 3930 posset.

315 3994 345 4052 4.
363 3993 450 4051 Lacr.
468 3992 497 4050 Π
516 3991 578 4049 284
595 3991 731 4066 legatur:

272 4095 364 4153 quare
377 4078 409 4136 iu
425 4077 583 4137 seminibus
602 4094 718 4151 quoque
736 4077 826 4136 item
843 4076 957 4138 fateare
975 4082 1126 4140 necessest

273 4181 338 4224 esse
357 4163 445 4222 aliam
463 4166 582 4238 praeter
599 4164 703 4237 plagas
723 4206 730 4222 .
750 4207 758 4223 .
778 4207 786 4222 .
805 4181 922 4224 causam
943 4159 947 4243 l
965 4165 1101 4225 motibus.

303 4297 344 4397 ⁸5.
365 4298 453 4358 Lucr.
471 4300 499 4356 ll
518 4298 579 4356 982
594 4297 756 4374 requiritur
781 4300 860 4374 quod
883 4298 1035 4361 familiaris
1061 4301 1179 4376 quidam
1197 4297 1268 4361 milri
1285 4322 1353 4380 prc-

227 4385 340 4528 posslrllhte.
356 4468 451 4528 llaec
470 4488 506 4528 ex
525 4469 589 4530 aliis
610 4487 753 4544 nusquam
771 4469 932 4530 consistere
950 4476 981 4530 ut
998 4472 1078 4532 ausis
1093 4467 1232 4554 (traditur
1246 4473 1320 4560 ali).
