3380 5306
823 452 975 508 ..g-

343 625 522 686 coustituere
540 625 647 702 solent,
665 623 728 682 sive
745 622 927 682 accuratius:
956 623 1129 698 praesertim
1149 640 1212 681 cum
1232 622 1334 683 cadem
1352 627 1468 701 natura,

340 729 399 787 qua
424 710 473 769 hic
495 709 576 769 orbis
600 706 696 769 factus
714 712 776 786 est,
806 708 970 767 dominetur
991 709 1021 766 in
1040 708 1177 768 universo
1196 713 1226 768 et
1242 708 1468 783 primordiorum

339 801 443 874 motus,
463 795 569 871 quibus
587 794 635 853 bic
653 793 733 852 orbis
752 793 925 853 constitutus
944 798 1005 871 est,
1031 793 1141 869 ubique
1159 793 1217 854 sint
1236 798 1266 853 et
1284 794 1401 853 omniuo
1418 812 1468 854 res

339 899 463 956 magnas
487 880 605 942 efficere
629 881 754 940 soleant.
800 878 859 940 Sed
891 877 1081 941 difficultates
1103 879 1189 940 huius
1217 880 1274 940 loci
1298 897 1384 939 nemo
1409 898 1467 939 non

339 967 455 1028 sentiet.
476 1006 478 1012 ν
500 967 616 1026 Etenim
635 965 738 1026 modus
755 964 934 1025 indicativus
952 963 1146 1043 „colucrunt“
1165 965 1258 1044 1061,
1278 965 1328 1041 qui
1345 983 1467 1040 respon-

339 1053 389 1113 det
407 1050 594 1113 antecedenti
620 1049 813 1130 ,1111111111ιι
834 1050 926 1130 1058,
952 1057 982 1112 et
999 1051 1201 1112 coniunctivae
1221 1047 1363 1132 „fierent“
1385 1052 1467 1110 1062

340 1139 518 1215 explicatum
532 1138 583 1196 vix
601 1137 721 1216 babent,
740 1136 797 1196 nisi
814 1142 1003 1198 arcessuntur
1027 1156 1075 1197 vv.
1095 1139 1120 1196 V
1139 1138 1303 1216 429-31,
1322 1136 1383 1216 ubi,
1402 1155 1469 1196 cnm

340 1230 439 1285 cetera
456 1225 516 1283 sint
533 1221 637 1283 eadem
656 1241 722 1282 cum
739 1223 768 1281 II
788 1223 906 1281 1061-
916 1223 967 1300 63,
990 1241 1044 1299 pro
1064 1219 1256 1303 „coluerunt“
1276 1226 1322 1283 est
1340 1240 1468 1300 „conve-

339 1307 440 1370 niant“
460 1315 490 1370 et
506 1327 560 1385 pro
576 1305 721 1387 „fierent“
744 1305 865 1388 „fiunt“,
886 1326 962 1384 quae
981 1307 1099 1384 quidem
1117 1309 1230 1369 formae
1241 1308 1272 1368 in
1284 1307 1362 1368 hunc
1373 1312 1469 1368 locum

340 1397 435 1456 miuus
470 1395 609 1455 videntur
642 1393 799 1470 quadrare.
842 1429 883 1436 —
926 1395 1172 1470 subsequentium
1208 1413 1297 1470 porro
1332 1412 1470 1454 versuum

383 1583 475 1643 quare
495 1567 583 1638 etiam
601 1569 692 1640 atque
711 1565 799 1630 etiam
816 1566 914 1626 talis
932 1565 1047 1629 fateare
1065 1584 1187 1628 necesse
1205 1570 1251 1627 eat

383 1671 450 1713 esse
468 1653 569 1712 alios
587 1651 688 1711 alibi
707 1668 884 1726 congressus
902 1652 1048 1732 materiai,

384 1738 519 1815 qualis
536 1737 585 1796 bic
603 1736 764 1816 est,‚avido
783 1739 938 1812 complexu
957 1756 1043 1814 quem
1062 1742 1143 1798 tenet
1159 1736 1264 1798 aether

341 1824 506 1884 sententiae
531 1821 606 1884 adeo
625 1827 795 1882 contractae
812 1829 890 1902 sunt,
909 1823 959 1882 vix
977 1828 1010 1884 ut
1028 1823 1183 1902 dispicias,
1209 1840 1286 1899 quae
1310 1823 1341 1881 in
1366 1822 1409 1882 eis
1427 1822 1470 1880 in-

343 1927 408 1970 esse
427 1909 599 1969 videantur:
620 1906 753 1987 „fateare
775 1925 898 1968 necesse
916 1913 962 1969 est
980 1927 1046 1970 esse
1063 1910 1162 1970 alios
1180 1909 1277 1968 alibi
1296 1925 1471 1982 congressus

340 1995 484 2073 materiai,
513 1999 546 2054 ut
574 1994 727 2070 probabile
757 1994 795 2053 sit
823 1995 940 2054 etiam
968 1997 1071 2056 tales
1097 1995 1169 2054 alibi
1194 2013 1269 2073 esse,
1300 1994 1395 2071 qualis
1423 1993 1472 2052 hic

340 2087 411 2142 est.
436 2126 443 2141 .
464 2079 513 2159 .“,
548 2080 605 2140 nisi
629 2079 787 2139 contuleris
814 2098 861 2140 vv.
888 2081 913 2141 V
942 2082 1105 2160 187-94,
1131 2081 1182 2141 ubi
1207 2080 1371 2140 simillimae
1396 2080 1472 2140 benc

341 2167 577 2243 distinguuntur:
596 2165 756 2240 primordia
777 2183 814 2225 ex
831 2164 942 2226 infinito
960 2167 1018 2226 iam
1036 2171 1168 2242 tempore
1191 2170 1369 2227 consuerunt
1397 2209 1405 2225 .
1429 2209 1437 2224 .
1462 2209 1469 2225 .

341 2253 464 2312 omnia
492 2255 775 2327 pertemptare,
806 2269 1070 2330 quaecumque
1099 2251 1178 2311 inter
1206 2255 1378 2328 reposcent
1402 2269 1470 2310 cou-

341 2356 445 2415 gressa
463 2355 575 2415 creare,
598 2341 636 2396 ut
655 2354 724 2395 non
747 2335 799 2395 sit
821 2337 969 2417 mirum,
992 2339 1073 2398 siin
1092 2339 1161 2398 talis
1179 2338 1372 2413 disposituras
1390 2335 1469 2396 deci-

342 2426 448 2484 derunt
470 2424 593 2499 'quoque
612 2467 619 2482 .
639 2466 647 2482 .
667 2466 696 2500 .,
725 2423 862 2496 qualibus
890 2422 965 2483 haec
994 2442 1091 2484 rerum
1120 2425 1233 2500 geritur
1257 2441 1336 2483 nunc
1357 2440 1470 2482 summa

341 2510 479 2570 novando
497 2509 517 2568 i.
530 2525 556 2568 e.
572 2509 597 2566 si
616 2507 714 2568 hunc
737 2527 887 2584 quoque
906 2514 1015 2570 statum
1034 2511 1186 2570 effecerint
1204 2506 1248 2592 (in
1265 2512 1285 2568 l.
1304 2510 1333 2568 Π
1355 2512 1468 2568 autem:

341 2601 449 2656 utnon
467 2595 505 2653 sit
522 2595 636 2672 mirum,
656 2593 681 2652 si
699 2593 795 2654 alibi
814 2613 961 2670 quoque
979 2596 1057 2656 idem
1070 2600 1164 2679 status
1177 2590 1343 2677 efficiatur).
1361 2595 1470 2654 Forma

342 2680 460 2757 quidem
486 2697 524 2739 ex
546 2679 603 2738 hoc
627 2681 692 2738 loco
716 2696 774 2738 non
800 2680 975 2755 deprompta
1000 2687 1061 2760 est,
1091 2681 1193 2757 iniqua
1210 2686 1308 2741 tamen
1328 2680 1469 2740 orationis

342 2766 474 2829 brevitas
495 2765 551 2825 nisi
568 2764 655 2824 fallor
672 2763 741 2824 inde
757 2769 822 2824 orta
840 2770 900 2844 est,
931 2766 1011 2841 quod
1027 2772 1134 2842 poetae
1153 2785 1218 2828 cum
1235 2767 1310 2826 haec
1327 2765 1470 2826 scriberet

342 2854 393 2912 illa
405 2852 649 2913 obversabantur.
663 2883 703 2892 —
715 2851 808 2909 Paulo
826 2857 893 2927 post
910 2851 963 2910 hos
978 2871 1026 2912 vv.
1045 2853 1076 2912 in
1091 2854 1194 2913 eodem
1208 2853 1333 2913 embolio
1344 2853 1373 2910 ΙΙ
1387 2852 1470 2910 1090

297 2949 303 2955 ·
342 2957 408 3015 sqq.
426 2942 562 2997 naturam
579 2955 637 2996 non
655 2935 727 2996 deos
745 2937 843 2996 omnia
860 2937 1004 3012 perficere
1021 2939 1204 3014 argumentis
1222 2938 1375 3016 evincitur,
1393 2955 1470 3013 quae

342 3025 393 3085 VI.
421 3025 482 3082 387
509 3039 576 3098 sqq.
602 3022 644 3081 sic
667 3020 889 3082 discernuntur:
912 3024 1028 3098 Jupiter
1049 3030 1137 3101 atque
1161 3024 1211 3084 alii
1229 3025 1277 3084 dei
1300 3025 1325 3083 si
1348 3022 1473 3082 fulmina-

341 3109 468 3188 mittunt,
487 3126 539 3168 cur
556 3113 659 3184 petunt
677 3107 720 3166 eis
737 3107 882 3188 innoxios,
901 3110 967 3170 loca
984 3111 1056 3186 sola,
1075 3111 1191 3170 maria?
1214 3129 1251 3170 an
1269 3117 1330 3169 tum
1348 3108 1469 3169 brachia

342 3195 559 3256 consuescunt?
570 3188 703 3276 (-405)
715 3194 764 3268 qui
777 3199 874 3254 autem
886 3195 980 3270 possit
987 3197 1103 3271 Jupiter
1114 3197 1144 3255 in
1155 3199 1261 3256 multas
1274 3196 1359 3255 simul
1369 3200 1469 3270 partes

341 3282 459 3342 mittere
488 3280 632 3341 fulmina?
656 3275 832 3361 (411—16)
864 3299 915 3340 cnr
943 3281 1070 3357 denique
1097 3288 1200 3342 sancta
1229 3281 1316 3342 deum
1345 3281 1468 3341 delubra

342 3384 469 3441 suasque
487 3366 573 3426 sedes
592 3366 713 3424 fulmine
736 3364 878 3426 discutit?
901 3362 1086 3450 (tlt-20).
1141 3369 1224 3427 Hace
1241 3367 1339 3426 omnia
1354 3367 1383 3425 iu
1402 3369 1421 3426 l.
1439 3368 1469 3425 Il

342 3471 401 3512 una
417 3451 474 3510 hae
491 3452 614 3527 periodo
633 3449 933 3524 comprehenduntur:
953 3453 1036 3526 quis
1055 3471 1196 3512 summam
1213 3453 1347 3512 immensi
1364 3469 1471 3528 regere

342 3537 447 3614 potis
466 3542 541 3615 est,
566 3537 632 3612 quis
650 3538 748 3596 caelos
767 3553 867 3595 omnes
879 3543 1052 3597 convertere
1073 3543 1104 3598 et
1120 3544 1216 3598 terras
1233 3539 1353 3614 ignibus
1370 3537 1471 3599 suffire

341 3624 409 3682 inve
428 3621 562 3682 omnibus
579 3622 652 3682 locis
670 3621 749 3681 omni
767 3626 900 3698 tempore
910 3628 1030 3698 praesto
1043 3641 1119 3703 esse,
1137 3630 1170 3684 ut
1187 3625 1314 3686 nubibus
1330 3624 1470 3684 tenebras

343 3708 448 3787 faciat,
475 3713 550 3768 tum
573 3703 696 3768 fulmina
720 3708 817 3767 mittat
847 3714 875 3769 et
893 3708 976 3768 aedis
998 3728 1087 3786 saepe
1106 3727 1197 3770 suas
1216 3711 1363 3770 disturbet
1389 3710 1470 3769 etin

343 3797 462 3855 deserta
478 3795 621 3854 recedens
639 3795 754 3854 saeviat
772 3811 962 3855 exercens
979 3798 1110 3874 telum,
1130 3795 1208 3871 quod
1223 3813 1313 3871 saepe
1332 3801 1470 3855 nocentes

343 3879 487 3956 praeterit
512 3880 718 3955 exanimatque
743 3880 902 3955 indignos?
957 3882 1003 3940 Ne
1025 3882 1184 3957 suspiceris
1207 3882 1375 3942 Lucretium
1405 3899 1470 3942 cum

343 3967 386 4025 ita
396 3966 569 4041 loqueretur
586 3967 745 4026 nondum
763 3966 934 4026 distinxisse
952 3967 1179 4042 cogitationibus
1197 3969 1329 4044 singula:
1355 3985 1470 4048 „neque

343 4055 477 4127 potest
496 4069 570 4112 unus
589 4051 740 4127 Jupiter
757 4069 899 4110 summam
917 4069 1039 4132 regere,
1058 4071 1173 4133 neque,
1192 4053 1218 4114 si
1239 4059 1350 4133 posset,
1380 4071 1470 4112 suas

344 4138 430 4197 sedes
443 4135 622 4197 disturbaret
633 4141 684 4197 aut
694 4137 829 4195 innoxios
848 4142 964 4212 peteret
981 4145 1032 4198 aut
1050 4140 1116 4199 loca
1133 4141 1212 4218 sola3
1236 4159 1278 4200 au
1298 4144 1358 4199 tum
1378 4142 1469 4199 lacer·

344 4229 390 4282 tos
413 4242 478 4282 eum
496 4222 611 4282 firmare
634 4219 765 4297 putns“?
808 4221 885 4282 Nam
903 4228 935 4282 ut
964 4223 1179 4286 demonstraret
1207 4229 1340 4284 naturam
1367 4243 1420 4300 per
1438 4243 1470 4284 se

345 4309 442 4368 omnia
471 4327 581 4387 creare,
613 4326 664 4368 cur
693 4313 898 4384 argumentum
928 4326 944 4367 e
969 4309 1139 4371 fulminibus
1156 4312 1259 4390 petiit,
1290 4329 1355 4371 cum
1379 4312 1471 4372 multa

344 4394 491 4456 mirabilia
507 4394 641 4456 homines
659 4394 798 4456 divinitus
816 4392 880 4454 fleri
898 4395 1096 4480 arbitrentur,
1127 4397 1184 4455 nisi
1202 4396 1232 4455 in
1250 4397 1270 4458 l.
1290 4398 1338 4477 Vl,
1358 4396 1408 4456 ubi
1434 4395 1471 4456 de
