3380 5306
713 455 883 512 -13-

232 624 287 683 bus
311 623 421 684 nitatur
447 629 476 684 11
494 625 670 686 concludere
688 629 834 702 vereatur,
854 623 1010 700 quodiam
1027 643 1086 684 non
1103 623 1174 684 licet
1191 623 1361 700 repudiare.

232 710 309 768 Nam
333 711 358 770 si
381 716 470 786 poeta
494 711 634 788 formam,
665 729 724 785 qua
747 713 838 771 semel
864 712 1038 772 sententiam
1065 711 1214 787 concepit,
1241 711 1278 769 de
1300 729 1359 770 me-

232 795 325 854 moria
342 801 478 871 repetere
497 815 555 856 non
574 796 728 875 dubitavit,
758 814 794 855 ne
820 814 837 856 e
864 795 974 856 chartis
996 797 1115 872 quidem
1139 814 1204 856 earn
1225 801 1359 872 repetere

233 880 396 940 censendus
425 886 471 942 cst
500 883 665 960 dubitasse;
694 899 754 940 non
781 900 838 956 quo
864 886 981 942 secutus
1010 883 1048 943 sit
1074 882 1279 960 repetitiones,
1306 882 1360 942 sed

233 983 284 1026 eas
309 985 367 1026 non
392 968 507 1027 vitavit.
535 966 687 1039 -Quod
712 968 738 1027 si
763 972 844 1042 recte
868 968 1047 1043 disputatum
1064 975 1126 1046 est,
1153 985 1210 1026 non
1236 968 1306 1026 licet
1322 985 1360 1026 ex

234 1052 277 1140 eis⁸
294 1052 430 1112 indicium
450 1057 552 1128 petere
570 1054 607 1112 de
626 1057 690 1112 arte
703 1057 733 1112 et
746 1052 865 1128 ingenio
883 1058 999 1131 poetae,
1019 1072 1096 1129 quac
1112 1053 1230 1128 quidem
1241 1054 1359 1113 aliunde

232 1138 306 1197 satis
323 1145 546 1213 pernoscuntur.
590 1139 668 1197 Num
695 1156 766 1197 vero
790 1139 820 1197 in
840 1139 1015 1215 expoliendo
1041 1139 1168 1199 carmine
1195 1143 1284 1213 poeta
1309 1156 1360 1198 cas

232 1228 396 1282 remoturus
418 1223 506 1283 inerit
531 1225 680 1300 inquirere
705 1243 763 1283 non
782 1229 827 1284 est
844 1224 1016 1284 huius'loci.
1067 1226 1172 1300 Neque
1193 1225 1270 1284 enim
1289 1223 1360 1300 quid

232 1309 283 1367 ille
301 1306 431 1369 factiuns
448 1310 537 1372 fuerit
554 1311 611 1370 iam
629 1310 788 1388 quaeritur,
807 1311 861 1370 sed
877 1308 947 1385 quid
963 1307 1067 1370 fecerit
1082 1311 1112 1368 iu
1128 1310 1257 1369 carmine
1272 1312 1359 1384 quale

232 1394 372 1454 traditum
391 1400 445 1455 est.

301 1495 462 1578 ,Quoniam
488 1474 688 1573 repetitiones·
701 1498 888 1558 necessariae
912 1501 964 1556 ant
993 1502 1098 1573 aptae,
1125 1496 1241 1557 etiamsi
1266 1495 1360 1557 forma

233 1581 349 1644 laborat
366 1583 585 1662 offensionibus,
611 1585 807 1643 Lucretianae
825 1583 910 1642 nobis
928 1583 1066 1643 videntur
1090 1600 1174 1661 esse,
1199 1583 1358 1658 interpola-

125 1721 128 1730 .
232 1667 320 1726 tionis
338 1669 447 1728 indicia
465 1671 545 1728 nulla
562 1673 720 1745 supersunt
738 1669 794 1729 nisi
813 1669 919 1745 quibus
937 1669 1016 1744 apud
1034 1668 1168 1745 quemvis
1186 1668 1359 1744 scriptorem

233 1752 426 1829 interpolator
443 1755 625 1830 deprehendi
643 1755 727 1814 solet.
772 1753 837 1827 Quo
856 1756 893 1813 de
911 1772 1021 1831 genere
1039 1759 1107 1814 sunt
1135 1755 1261 1814 maxime
1281 1752 1359 1830 quod

232 1840 397 1899 sententiae
412 1875 453 1882 —
469 1842 607 1916 quoniam
619 1841 775 1900 iterataea
792 1845 889 1900 mente
907 1846 1014 1916 poetae
1032 1859 1090 1900 non
1105 1857 1226 1916 prorsus
1244 1839 1359 1900 alienae

231 1942 297 1984 erse
315 1930 439 2000 possunt
457 1961 498 1968 -
519 1945 537 1986 a
554 1927 705 2002 proposito
724 1925 885 1986 abhorrent
909 1931 939 1986 et
968 1926 1193 1986 inconstantiam
1212 1926 1358 2002 quandam

231 2009 401 2084 patefacere
418 2012 573 2089 videntur,
599 2016 651 2072 ant
680 2013 759 2087 quod
777 2012 942 2072 simillimae
960 2013 1075 2072 vicinae
1093 2017 1178 2089 sunt,
1208 2016 1240 2070 ut
1264 2014 1359 2070 altera

231 2097 317 2154 alteri
347 2114 412 2156 eam
440 2097 533 2173 ipsam
563 2098 600 2157 ob
629 2115 747 2157 cansam
776 2097 906 2173 ascripta
934 2098 1072 2158 videatur
1097 2115 1172 2158 1111.
1228 2096 1358 2170 Quarum

231 2180 348 2255 quidem
392 2181 470 2241 haud
510 2201 623 2257 paucae
666 2201 703 2242 ne
746 2184 785 2242 ad
828 2188 1002 2244 structuram
1043 2183 1162 2259 quidem
1199 2184 1358 2258 adaptatae

231 2270 315 2345 snut,
345 2271 377 2326 ut
401 2269 497 2344 magis
520 2287 619 2328 errore
645 2286 696 2328 eas
723 2269 845 2344 illapsas
869 2288 958 2344 quam
984 2269 1106 2329 consilio
1134 2269 1262 2328 insertas
1291 2286 1357 2330 esse

230 2353 384 2427 probabile
406 2355 455 2413 sit.

315 2455 529 2533 Fundamenta,
549 2474 625 2532 quae
641 2454 828 2516 confirmasse
840 2456 925 2516 nobis
937 2457 1080 2535 videmur,
1100 2463 1167 2518 suut
1178 2457 1241 2517 iere
1253 2458 1357 2518 eadem

231 2558 308 2615 quae
327 2540 448 2600 Lachm.
473 2542 528 2601 sibi
547 2541 655 2617 posuit.
699 2543 805 2617 Itaque
830 2542 1039 2621 repetitiones,
1066 2562 1139 2619 quas
1164 2545 1214 2603 ille
1239 2546 1278 2604 ad
1302 2544 1356 2604 has

230 2644 347 2686 normas
373 2626 511 2687 redactas
535 2632 616 2687 recte
641 2627 777 2706 seclusit,
803 2629 1007 2702 praetermitto
1027 2646 1135 2705 easque
1153 2631 1259 2689 afferre
1285 2630 1356 2690 satis

229 2710 335 2791 habeo,
355 2712 392 2772 de
411 2711 517 2788 quibus
535 2714 562 2772 ei
579 2732 638 2773 uon
656 2713 774 2773 videtur
791 2714 1010 2774 assentiendum
1033 2733 1109 2775 esse.

272 2814 571 2976 terdyiiicgslgalpffitnm
594 2901 762 2976 quatientes
785 2900 914 2976 undiquc
940 2902 1044 2962 cristas
1242 2973 1247 2983 ι

229 3008 270 3036 =
282 2985 311 3042 Π
324 2986 385 3043 632
398 2981 535 3066 (momine
547 2981 665 3068 cristas)
683 2988 721 3046 ab
740 2985 806 3045 aliis
825 2987 883 3046 iam
901 2987 973 3048 satis
989 2987 1128 3049 defensus
1147 2994 1202 3049 111.
1226 2987 1355 3049 1111111-

228 3088 352 3130 mannus
369 3071 389 3130 l.
401 3071 421 3129 l.
442 3073 492 3132 30.
507 3074 558 3132 31.

312 3174 349 3232 V.
374 3175 401 3234 V
421 3173 502 3232 1345
522 3198 563 3226 :
581 3176 608 3234 V
626 3175 687 3232 528

271 3259 302 3317 in
316 3259 407 3319 variis
425 3261 541 3319 mundis
558 3260 643 3320 varia
659 3260 774 3320 ratione
792 3261 900 3320 creatis

228 3348 259 3402 et
287 3350 442 3420 utrumqne
471 3346 598 3407 vicinum
627 3346 796 3407 retinendos
824 3363 890 3407 1111
916 3345 1066 3407 Vahlenns
1090 3347 1218 3408 ostendit
1242 3349 1303 3410 ind.
1334 3352 1354 3411 l.

227 3447 278 3504 pg.
311 3432 359 3489 18.

312 3517 348 3576 V.
372 3518 412 3576 Vi
430 3519 502 3578 228.
522 3520 540 3576 9
560 3543 601 3572 =
624 3520 637 3576 I
657 3519 730 3578 489.
750 3519 791 3576 90

559 3619 613 3681 per
630 3608 716 3681 septa
734 3604 884 3664 domorum

270 3688 381 3747 clamor
396 3695 429 3748 ut
444 3708 479 3749 ac
497 3709 586 3752 voces

228 3775 303 3832 111.
321 3774 363 3833 VI
381 3775 441 3834 933
463 3797 500 3826 =
521 3778 563 3836 IV
578 3776 639 3834 229

270 3876 391 3920 cernere
409 3861 527 3940 odorari
543 3861 614 3922 licet
637 3865 667 3921 et
685 3859 794 3920 sentire
815 3877 930 3938 sonare,
1020 3859 1022 3863 ’

228 3961 301 4017 quos
318 3945 439 4006 Lachm.
457 3966 516 4007 non
547 3948 641 4007 altero
659 3948 724 4005 loco
743 3946 796 4005 sed
814 3951 938 4020 utroque
955 3963 1008 4020 pro
1027 3946 1171 4020 suspectis
1190 3946 1292 4008 habuit
1310 3950 1354 4011 ita

227 4034 259 4088 ut
276 4029 354 4090 hunc
370 4036 496 4108 utroque
514 4033 633 4111 eiceret,
652 4032 782 4092 illumin
801 4034 820 4091 l.
839 4033 854 4089 l
872 4035 1079 4091 commutaret:
1107 4033 1238 4110 „clamor
1263 4034 1289 4094 it
1318 4053 1354 4095 ac

226 4113 346 4195 voces“,
364 4119 467 4178 Munro
486 4122 567 4178 recte
585 4136 705 4178 servare
724 4116 796 4176 mihi
813 4119 941 4180 videtur.

312 4221 367 4281 Vr.
385 4222 426 4281 VI
446 4221 497 4280 56.
517 4224 535 4279 7
556 4243 595 4272 =
616 4223 666 4281 90.
687 4224 703 4278 1
724 4242 764 4272 =
782 4221 797 4278 1
817 4219 887 4280 153.
907 4221 927 4276 4

271 4324 392 4380 quorum
410 4325 531 4382 operum
554 4324 658 4366 causas
676 4308 756 4366 nulla
774 4307 889 4365 ratione
907 4303 1010 4363 videre

269 4397 393 4470 possunt
410 4411 446 4452 ac
463 4392 526 4453 deri
545 4393 645 4452 divino
664 4393 782 4452 numine
800 4395 902 4451 rentur
