3380 5306
705 445 912 534 -19-Ι

269 615 689 676 176.7=595.e=v
715 616 826 674 89.90
852 615 1063 676 :Vites

664 702 690 760 V
708 702 835 760 82-90
853 727 894 754 z
910 703 951 762 Vl
969 702 1095 760 58-66

313 782 384 867 (Gn.
404 789 443 846 62
463 804 538 866 sqq,
559 789 614 847 To.
634 786 707 865 551,
726 787 775 846 Br.
796 783 881 868 206).

270 875 283 932 Ι
303 872 428 932 75-77
448 867 538 954 (unde
556 873 648 933 refert
666 867 763 954 nobis)
781 873 852 947 quid
869 872 964 948 possit
981 872 1061 951 oriri,

450 959 519 1034 quid
538 962 675 1036 nequeat,
693 957 775 1017 finita
792 963 922 1033 potestas
941 959 1068 1032 denique
1087 958 1191 1032 cuique

448 1061 507 1118 qua
524 1064 592 1103 nam
610 1044 649 1103 sit
666 1043 781 1104 ratione
799 1048 888 1118 atque
905 1045 965 1104 alte
983 1043 1125 1103 terminus
1142 1043 1279 1104 haerens.

227 1129 289 1188 Hos
307 1148 356 1188 vu.
375 1129 432 1189 Gn.
450 1129 518 1191 ideo
537 1130 719 1205 potissimum
737 1131 865 1190 tentavit
883 1131 962 1205 quod
981 1129 1106 1208 „deesse
1124 1126 1269 1204 possint“.
1314 1129 1354 1188 At

228 1215 278 1289 qui
296 1215 383 1274 Lucr.
406 1215 450 1275 ita
468 1215 567 1275 dicere
591 1215 701 1291 potuit:
732 1233 819 1293 „uos
848 1220 994 1291 exaequat
1021 1214 1146 1275 victoria
1171 1214 1275 1274 caelo“
1303 1217 1353 1294 79,

228 1301 285 1360 nisi
302 1299 481 1361 antecedunt
500 1300 646 1382 „refert
663 1302 774 1361 nobis
792 1301 888 1362 victor
905 1300 975 1377 quid
995 1345 1002 1361 .
1022 1345 1029 1360 .
1047 1345 1054 1360 .
1069 1299 1110 1360 “f

313 1385 416 1446 Altero
435 1405 551 1463 qnoque
568 1389 632 1446 loco
649 1387 720 1448 libri
734 1388 749 1446 Ι

270 1471 396 1531 594-6
416 1467 572 1554 (incertum
590 1490 706 1548 quoque
723 1472 782 1533 iam
800 1468 928 1555 constet)
951 1471 1022 1548 quid
1039 1472 1134 1547 possit
1151 1470 1222 1531 oriri
1242 1516 1249 1531 .
1269 1516 1276 1532 .
1297 1515 1304 1532 .

228 1555 284 1616 Gn.
311 1561 410 1618 censet
428 1577 479 1619 eos
502 1559 652 1620 eiciendos
670 1577 735 1619 esse
753 1559 830 1618 etin
849 1577 893 1635 sq.
912 1578 940 1617 v.
961 1556 1061 1637 „uou“
1080 1577 1133 1633 pro
1152 1554 1248 1636 „neo“
1267 1575 1353 1632 repo-

226 1642 371 1723 nendum,
398 1646 468 1718 quia
493 1650 523 1704 ct
540 1663 605 1721 sqq.
625 1664 673 1706 vv.
699 1651 729 1705 et
749 1645 958 1706 antecedentes
979 1644 1148 1720 pertineant
1170 1644 1209 1703 ad
1231 1661 1351 1721 genera,

226 1746 302 1803 quae
321 1747 403 1789 suam
421 1748 538 1806 semper
554 1731 702 1790 retineant
718 1736 862 1810 naturam,
881 1731 911 1790 in
929 1731 988 1790 illis
1006 1734 1105 1789 autem
1121 1734 1227 1805 agatur
1239 1731 1276 1790 de
1293 1730 1351 1788 sin-

225 1815 303 1890 gulis
319 1818 418 1877 rebus.
455 1818 514 1878 Sed
531 1835 569 1876 ne
586 1815 660 1876 haec
679 1818 798 1892 quidem
815 1817 1001 1876 ratiocinatio
1019 1816 1090 1874 mibi
1108 1816 1263 1891 probatum
1283 1815 1353 1891 qnid

225 1905 323 1960 autem
341 1901 405 1976 ipse
430 1903 557 1963 iudicem
581 1903 751 1982 apparebit,
777 1903 804 1962 si
826 1921 934 1962 nexum
949 1902 1160 1962 sententiarum
1178 1902 1280 1976 paucis
1301 1919 1351 1961 ex-

224 2003 367 2060 posuero:

268 2073 403 2146 quoniam
428 2075 517 2134 rebus
541 2072 704 2148 generatim
731 2072 799 2132 finis
816 2072 935 2134 reddita
953 2077 998 2132 est
1015 2071 1168 2132 crescendi
1187 2077 1216 2132 et
1233 2073 1353 2132 vivendi

267 2163 297 2218 et
315 2163 429 2220 constat
446 2159 518 2234 quid
536 2176 670 2234 quaeque
688 2153 750 2239 (res
768 2159 849 2238 dicit,
868 2177 926 2218 non
945 2153 1068 2240 genera)
1087 2163 1197 2233 queant
1214 2176 1268 2233 per
1292 2159 1379 2218 foe--

454 2246 527 2304 dara
551 2249 674 2304 naturae
693 2239 780 2326 (haec
800 2244 921 2305 foedera
939 2245 1036 2319 potius
1059 2243 1227 2320 significant
1245 2239 1351 2325 genus)

268 2334 298 2390 et
316 2330 413 2390 omnia
431 2331 488 2390 sibi
507 2334 642 2391 constant
653 2331 727 2390 adeo
739 2335 772 2390 ut
789 2325 829 2411 (e.
848 2326 892 2411 g.)
909 2330 1010 2390 variae
1029 2347 1099 2390 aves
1118 2331 1272 2404 generales
1289 2349 1351 2389 ma·

897 2415 1026 2475 eulasia
1045 2433 1167 2490 corpore
1186 2415 1350 2494 ostendant,

267 2519 368 2562 omnes
386 2519 449 2561 res
467 2501 658 2561 immutabilia
675 2501 836 2577 primordia
854 2499 965 2562 habere
984 2501 1102 2562 debent.
1135 2502 1212 2561 Nam
1230 2500 1255 2561 si
1278 2501 1351 2560 haec

268 2586 439 2647 commutari
456 2592 587 2666 possent,
605 2587 748 2647 incertum
766 2592 889 2666 constet,

268 2673 338 2746 quid
357 2672 473 2733 omnino
491 2674 584 2749 possit
602 2674 673 2734 oriri
691 2678 720 2733 et
738 2673 809 2749 quid
827 2678 963 2750 nequeat,
1083 2673 1093 2684 “

268 2775 343 2833 quae
366 2758 470 2834 cuique
492 2763 624 2834 potestas
641 2758 724 2819 finita
746 2761 785 2818 sit
804 2765 833 2820 et
852 2759 901 2834 qui
919 2758 1071 2838 terminus,

267 2862 322 2903 nec
339 2845 446 2904 totiens
463 2849 586 2920 possent
603 2846 703 2906 saecla
720 2849 855 2905 naturam
875 2889 882 2904 .
902 2890 909 2904 .
930 2891 937 2904 .
956 2845 1068 2905 referre
1086 2849 1250 2918 parentum.

224 2929 359 2989 Profecto
379 2931 560 2991 concinnitas
579 2931 720 2990 orationis
737 2931 825 2990 valde
842 2931 1072 3009 imminueretur,
1092 2931 1117 2989 si
1132 2932 1227 2991 tribus
1244 2930 1349 3007 priori-

224 3015 278 3074 bus
302 3016 440 3075 membris
464 3017 596 3076 ultimum
618 3021 731 3076 tantum
758 3016 960 3092 responderet.
986 3051 1028 3060 -
1053 3016 1210 3093 Languida
1231 3016 1351 3092 quidem

224 3107 269 3160 est
286 3105 349 3161 tota
366 3102 628 3176 argumentationis
654 3105 749 3162 altera
773 3120 852 3180 pars,
877 3120 953 3177 quae
978 3103 1041 3162 fere
1063 3101 1136 3161 nihil
1157 3103 1226 3162 novi
1243 3102 1349 3182 adfert,

224 3181 330 3268 (forma
354 3187 417 3246 eius
442 3189 518 3246 euim
538 3191 583 3247 est
603 3187 694 3247 haec:
713 3187 851 3262 quoniam
868 3189 939 3247 abc
957 3191 1033 3266 sunt,
1058 3191 1102 3248 est
1121 3189 1209 3248 etiam
1227 3188 1263 3266 d;
1282 3207 1349 3248 nam

223 3273 279 3331 nisi
299 3275 317 3331 d
336 3277 424 3352 esset,
444 3291 502 3332 non
520 3277 619 3334 essent
637 3268 729 3354 abc).
758 3273 799 3333 At
817 3272 933 3349 singula
950 3274 1082 3333 membra
1100 3291 1158 3332 uon
1174 3275 1261 3349 plane
1273 3274 1350 3334 iuter

223 3375 255 3417 se
274 3359 429 3418 concinunt
452 3394 494 3401 -
518 3359 668 3419 molestius
694 3360 783 3419 etiam
804 3359 956 3419 videretur
976 3365 1009 3419 ut
1026 3359 1088 3418 dixi
1106 3360 1131 3420 si
1149 3378 1238 3419 unum
1255 3361 1349 3420 tribus

222 3450 420 3519 opponeretur
447 3480 490 3489 —
518 3463 614 3520 neque
640 3445 756 3505 omnino
779 3445 850 3505 talis
874 3446 1040 3506 verbositas
1059 3464 1078 3504 a
1095 3445 1234 3505 Lucretio
1251 3447 1349 3505 aliena

224 3533 269 3588 est
293 3525 344 3611 (of.
369 3549 395 3590 e.
414 3550 443 3606 g.
468 3531 562 3589 1813
582 3549 648 3607 sqq.
666 3550 685 3590 a
702 3532 791 3591 certis
808 3532 898 3592 rebus
916 3532 1021 3591 alimur
1038 3548 1107 3609 nos,
1134 3532 1222 3591 certis
1248 3547 1349 3591 omncs

221 3633 287 3695 res,
316 3616 461 3696 nimirum,
492 3617 561 3692 quia
585 3620 742 3677 multarum
764 3635 861 3676 rerum
890 3617 1052 3691 primordia
1081 3617 1110 3674 in
1139 3619 1228 3677 rebus
1257 3618 1348 3675 mixta

223 3706 300 3780 sunt,
327 3701 395 3761 ideo
419 3702 509 3762 variis
533 3703 634 3762 variae
658 3721 706 3762 res
731 3705 820 3763 rebus
849 3696 989 3782 aluntur).
1019 3735 1060 3743 -
1088 3701 1233 3775 Displicet
1260 3719 1347 3775 porro

223 3787 420 3864 discrepantia
444 3792 623 3863 temporum:
650 3788 711 3846 593
736 3791 867 3866 possent,
894 3787 1021 3845 594-·6
1049 3790 1164 3844 constet
1187 3787 1280 3860 possit
1298 3804 1347 3846 ne·

223 3879 313 3949 queat
329 3874 377 3952 sit,
401 3874 462 3933 597
481 3879 612 3949 possent.
652 3874 756 3933 Muuro
782 3874 902 3949 quidem
926 3872 959 3932 ei·
977 3873 1020 3931 ita
1044 3872 1171 3931 occurrit
1188 3876 1221 3931 ut
1238 3875 1346 3932 utrum-

222 3977 279 4034 que
314 3959 387 4019 illud
420 3957 582 4038 „possent“
614 3959 775 4034 corrigeret
799 3961 830 4018 in
859 3957 1032 4037 „possiut“;
1065 3957 1116 4017 Br.
1150 3962 1246 4018 autem
1282 3977 1346 4018 eam

221 4048 314 4106 altero
342 4050 456 4105 mutato
492 4046 629 4120 mitigare
658 4044 778 4106 studuit.
836 4045 920 4117 Quae
948 4043 1143 4106 medicamina
1171 4062 1347 4120 quamquam

220 4149 280 4190 non
308 4134 396 4208 longe
425 4136 626 4210 arcessuntur,
659 4136 758 4191 tamen
787 4136 817 4190 et
845 4132 935 4192 dubia
968 4134 998 4190 et
1026 4145 1247 4205 supervacanea
1274 4130 1346 4189 mihi

220 4216 367 4277 videntur.
421 4217 498 4278 Nam
527 4251 569 4260 -
596 4221 629 4278 ut
657 4221 773 4276 taceam
802 4216 839 4276 de
867 4218 942 4278 mira
971 4218 1112 4278 librorum
1140 4215 1280 4276 memoria
1304 4249 1346 4260 —

220 4305 278 4378 tps.
305 4320 447 4379 praeseus
477 4304 506 4362 iu
531 4321 579 4362 vv.
605 4303 731 4361 594-(5
761 4321 819 4362 non
848 4304 989 4363 abhorret
1017 4302 1055 4364 ab
1084 4318 1139 4361 usu
1167 4301 1345 4361 Lucretiauo

220 4383 272 4470 (of.
301 4391 350 4451 Br.
381 4391 402 4450 l.
431 4383 476 4471 1.).
538 4387 684 4461 Quocirca
711 4389 887 4450 varietatem
912 4406 1053 4449 excusare
1082 4387 1181 4448 malim
1207 4405 1241 4447 eo
1267 4390 1346 4463 quod

1106 4484 1140 4546 2.
