3380 5306
709 477 878 534 ..25-

235 647 321 706 dooet
339 651 450 722 quanta
469 646 609 706 distantia
627 648 836 706 elementorum
852 646 980 724 intorsit,
1008 645 1111 706 eodem
1128 645 1192 706 iuro
1209 646 1239 705 h.
1258 647 1278 705 l.
1296 645 1359 706 fero

237 732 340 792 eadem
358 733 520 807 primordia
538 735 650 792 oolores
668 730 777 792 formas
796 750 899 792 sensus
918 749 1020 792 oreore
1035 732 1077 791 ita
1094 733 1190 806 potuit
1208 732 1358 807 explicare

233 822 266 877 ut
283 819 395 878 dioeret
411 819 475 878 fero
494 820 612 878 easdem
630 819 732 878 literas
750 819 928 878 eonstituere
946 817 1064 876 diversa
1081 819 1174 878 verba
1188 817 1281 893 (velut
1293 835 1359 878 oae-

234 905 293 962 lum
304 922 384 964 maro
404 949 411 964 .
431 949 438 964 .
459 949 466 964 .
485 902 586 980 fruges
604 904 726 964 arbusta
744 948 752 964 .
772 949 779 964 .
799 899 830 985 .)‚
850 921 1027 979 quamquam
1044 921 1103 962 non
1119 921 1219 964 omnes
1237 904 1359 963 eaedem

234 994 310 1068 sunt,
328 989 415 1050 immo
434 1009 472 1050 ne
490 991 618 1050 maxima
636 989 754 1065 quidem
771 1008 851 1069 pars,
871 991 924 1050 sed
942 989 1086 1065 quianon
1104 1007 1205 1049 omnes
1223 989 1359 1050 diversae

234 1079 302 1133 sunt
320 1075 382 1134 sive
400 1077 508 1136 multae
527 1077 644 1150 quidem
661 1076 760 1134 multis
778 1076 876 1135 verbis
893 1092 1068 1135 communes.
1095 1109 1137 1117 -
1161 1075 1271 1135 Levius
1288 1073 1358 1134 mihi

233 1160 351 1220 videtur
372 1163 451 1236 quod
476 1181 504 1221 v.
526 1163 607 1219 1018
634 1159 723 1238 „res“
750 1163 829 1221 valet
850 1162 869 1220 i.
889 1180 918 1235 q.
942 1159 1079 1238 „vooes“.
1125 1161 1203 1220 Nam
1221 1161 1246 1220 si
1263 1162 1278 1218 I
1296 1162 1359 1220 420

234 1251 263 1305 et
292 1247 365 1306 449.
395 1247 436 1304 50
466 1242 592 1328 (duabus
621 1248 735 1306 rebus
764 1247 783 1306 i.
815 1265 840 1306 e.
871 1247 986 1321 corpori
1016 1250 1046 1305 et
1074 1243 1194 1329 inani)
1229 1243 1357 1324 „inane“

232 1336 313 1390 reete
346 1331 435 1410 ,‚res“
461 1333 641 1409 nominatur,
675 1332 704 1391 h.
730 1334 749 1392 l.
779 1351 837 1391 non
863 1332 1060 1410 offendemus,
1094 1333 1269 1407 praesertim
1285 1350 1359 1391 enm

233 1418 342 1476 nemini
360 1419 516 1478 obscurum
539 1419 577 1478 sit
595 1419 665 1493 quid
688 1417 877 1493 significetur.
902 1453 944 1461 —-
963 1417 1045 1490 Quae
1064 1435 1129 1476 oum
1147 1418 1190 1478 ita
1208 1418 1276 1496 sint,
1300 1436 1359 1477 non

232 1507 331 1562 tamen
358 1522 437 1579 nego
465 1504 568 1563 horum
597 1522 733 1563 versuum
762 1504 924 1564 sententias
953 1503 1049 1562 minus
1078 1503 1237 1579 diligenter
1266 1503 1358 1563 elatas

233 1606 314 1667 esse;
341 1589 394 1648 sed
421 1607 486 1648 oum
511 1590 727 1664 respexerimus
753 1624 794 1632 -
820 1585 870 1670 (of.
889 1607 939 1665 pg.
961 1590 977 1646 7
998 1583 1089 1667 sqq.),
1111 1607 1256 1665 —quam
1278 1608 1359 1648 man-

233 1692 298 1732 eum
316 1675 354 1734 sit
370 1679 463 1734 totum
482 1675 647 1753 embolium,
667 1676 746 1749 qnod
762 1674 833 1734 inde
850 1695 868 1736 a
884 1695 913 1735 v.
927 1676 1009 1732 1013
1027 1674 1156 1749 pertinet
1172 1674 1250 1734 adv.
1265 1676 1358 1754 1104,

234 1764 323 1834 atque
346 1762 511 1836 exemplum
533 1761 684 1820 literarum
702 1762 739 1820 ab
763 1761 820 1820 hoo
836 1762 901 1820 looo
919 1779 978 1819 non
994 1778 1115 1835 prorsus
1134 1762 1261 1821 alienum
1283 1777 1359 1838 esse,

150 1917 152 1921 y
232 1845 425 1924 incommoda,
451 1847 556 1921 quibus
579 1846 653 1906 haee
675 1864 744 1921 pars
767 1848 891 1925 laborat,
915 1846 971 1922 ipsi
995 1850 1102 1920 poetae
1131 1847 1276 1923 imputare
1301 1866 1359 1907 non

233 1930 440 1991 dubitabimus.

316 2034 378 2093 Iam
395 2037 579 2094 transeamus
602 2034 641 2093 ad
666 2054 713 2094 vv.
731 2035 762 2093 ΙΙ
781 2035 939 2112 ees-99,
969 2034 1018 2109 qui
1036 2034 1106 2093 item
1125 2054 1143 2094 a
1161 2034 1298 2095 Gneissio
1316 2037 1360 2095 id-

177 2149 179 2154 ·
234 2136 291 2193 que
319 2120 463 2193 probante
493 2118 601 2179 Tohtio
630 2124 790 2180 tentantur.
846 2120 926 2178 Inter
948 2137 980 2178 se
1009 2137 1142 2195 pugnare
1176 2120 1247 2180 dioit
1269 2122 1360 2181 verba

235 2207 346 2282 „multa
368 2206 513 2264 elementa
534 2205 632 2266 multis
662 2206 761 2266 verbis
791 2205 954 2264 eommunia
971 2203 1058 2264 111111ιι
1083 2207 1144 2264 669
1169 2210 1199 2265 et
1221 2208 1301 2284 „alia
1323 2224 1360 2267 ox

233 2290 300 2349 aliis
318 2292 471 2351 elementis
490 2290 648 2351 oonstant“
667 2293 746 2370 691,
777 2291 915 2366 quoniam
932 2291 1006 2350 haeo
1025 2291 1190 2367 significent
1208 2293 1266 2352 illis
1290 2310 1358 2352 oon-

233 2375 355 2435 trarium
374 2379 476 2455 „nulla
494 2380 639 2437 elementa
657 2377 821 2436 eommunia
839 2393 904 2436 esse
923 2373 1054 2436 verbis“.
1076 2376 1116 2436 At
1134 2377 1244 2437 diserte
1260 2383 1359 2439 monet

232 2465 321 2534 poeta
340 2463 467 2520 692-4
495 2463 588 2522 verba
619 2467 754 2522 constare
783 2481 820 2522 ex
848 2463 974 2521 diversis
1004 2463 1165 2540 elementis,
1197 2482 1267 2523 non
1286 2482 1358 2539 quo

233 2564 333 2606 omnes
351 2549 456 2608 literae
480 2549 614 2608 diversae
639 2549 698 2608 sint
720 2553 771 2609 ant
788 2549 860 2607 nulli
878 2547 969 2607 verbo
986 2548 1086 2622 plures
1104 2549 1208 2609 literae
1231 2567 1357 2609 eommu-

233 2649 285 2691 nes
304 2627 360 2714 (9),
385 2632 437 2693 sed
463 2635 614 2709 quianon
639 2652 741 2694 omnes
766 2634 887 2694 eaedem
914 2638 990 2693 sunt.
1034 2634 1131 2709 Atque
1160 2635 1277 2694 omnino
1298 2641 1359 2695 tam

232 2719 374 2778 insulsum
387 2720 545 2798 videretur,
556 2725 589 2779 ut
600 2739 638 2780 ne
648 2720 851 2795 interpolatori
864 2719 981 2794 quidem
992 2720 1186 2794 probabiliter
1196 2722 1356 2782 tribueres:

233 2805 353 2864 multa
380 2807 525 2866 elementa
553 2807 652 2865 multis
681 2807 780 2866 verbis
810 2806 1017 2865 eommunia
1035 2810 1103 2864 sunt
1127 2801 1234 2888 (689),
1260 2811 1359 2866 tamen

234 2890 357 2948 omnia
379 2895 447 2951 sunt
465 2891 624 2951 diversa
646 2888 731 2973 (690.
751 2887 815 2974 91).
832 2926 874 2936 -
890 2891 1062 2951 Aoouratius
1082 2893 1200 2967 quidem
1216 2892 1273 2952 hae
1292 2911 1358 2952 sen-

234 2975 345 3033 tentiae
368 2977 410 3036 ita
432 2977 529 3036 efferri
550 2983 704 3052 poterant:
723 2979 815 3038 multa
833 2980 979 3037 elementa
997 2978 1097 3037 multis
1114 2979 1214 3039 verbis
1232 2997 1358 3039 eommu-

232 3060 282 3119 nia
300 3067 376 3139 sunt‚
401 3080 464 3121 eum
486 3067 584 3122 tamen
602 3065 695 3123 verba
711 3063 777 3137 ipsa
798 3097 833 3106 --
855 3063 874 3122 i.
894 3080 919 3121 e.
938 3080 1068 3122 summae
1087 3065 1298 3124 elementorum
1318 3099 1356 3108 -

160 3143 162 3146 ’
232 3147 310 3206 inter
329 3165 361 3206 se
380 3147 517 3206 differant
535 3149 597 3208 sive
615 3150 694 3209 inter
712 3166 744 3207 se
763 3152 793 3207 et
810 3166 843 3207 re
862 3151 891 3207 et
910 3147 1007 3207 sonitu
1027 3149 1136 3207 distent
1155 3144 1291 3229 (diuitum
1307 3195 1314 3210 .
1328 3195 1357 3210 ..

233 3235 332 3290 tamen
350 3232 442 3292 verba
459 3233 537 3292 inter
565 3251 597 3293 so
626 3235 685 3294 alia
713 3251 750 3292 ex
779 3233 846 3293 aliis
864 3234 1072 3293 elementis
1097 3231 1254 3316 constant).
1300 3235 1359 3296 Sed

234 3318 397 3377 tolerabilis
422 3317 493 3376 mihi
505 3319 636 3392 ¹videtur
652 3321 710 3380 ista
728 3320 831 3379 oratio.
894 3319 970 3378 Nam
996 3322 1028 3377 nt
1052 3319 1251 3379 demonstravi
1271 3338 1358 3397 repn-

234 3404 356 3478 gnantia
373 3421 431 3480 non
450 3409 555 3464 exstat.
599 3406 690 3465 Immo
716 3405 862 3465 sententia
886 3421 988 3463 versus
1008 3406 1068 3463 689
1096 3404 1190 3466 denuo
1214 3407 1359 3482 excipitur

234 3490 368 3548 versibus
388 3491 553 3570 eor-943
572 3495 661 3566 atque
679 3491 733 3552 hos
752 3492 885 3569 quidem,
915 3491 941 3550 si
958 3490 1106 3569 abessent,
1125 3492 1244 3553 minime
1261 3493 1359 3569 requi-

235 3592 356 3634 rerem..
387 3575 446 3635 Sed
468 3576 498 3634 in
521 3596 569 3636 vv.
590 3579 661 3636 690.
682 3580 720 3636 91
740 3581 897 3652 praeterea
925 3577 1017 3636 verba
1048 3577 1145 3656 „inter
1173 3578 1226 3639 se“
1256 3597 1360 3655 parum

234 3665 371 3720 aoourate
389 3661 549 3736 iunguntur
567 3680 632 3723 oum
650 3663 748 3723 verbis
767 3664 847 3740 „alia
864 3681 902 3722 ex
919 3659 1016 3722 aliis“.
1052 3663 1135 3722 Haeo
1153 3669 1250 3724 autem
1269 3665 1359 3725 offen-

235 3746 278 3806 sio
301 3747 505 3892 {agi2s5opginor
530 3753 687 3808 excusatur
713 3766 748 3808 eo
767 3748 845 3824 quod
862 3752 968 3823 po'e‘tae
991 3748 1021 3806 in
1038 3749 1181 3808 memoria
1197 3747 1361 3810 haerebant

234 3852 283 3893 vv.
398 3877 405 3893 .

280 3997 287 4012 .
308 3997 315 4012 .
334 3997 342 4012 .
371 3953 477 4011 inter
494 3970 535 4012 se
554 3970 658 4012 versus
676 3971 711 4012 ao
729 3954 820 4012 verba
838 3956 989 4012 necessest

279 4037 436 4098 confiteare
455 4033 498 4119 (et
517 4056 549 4097 re
571 4042 601 4098 et
618 4038 715 4098 sonitu
732 4039 883 4098 distare
899 4036 1038 4121 sonanti).

235 4160 270 4218 In
287 4159 333 4217 his
357 4175 417 4240 non
438 4157 525 4217 modo
546 4158 641 4237 „inter
660 4176 691 4218 se
710 4155 842 4218 distare“
868 4163 949 4219 reete
973 4160 1090 4239 dieitur,
1118 4159 1171 4219 sed
1192 4164 1361 4236 reputemus

237 4248 327 4304 totam
357 4243 519 4303 sententiae
548 4242 810 4304 conformationem
840 4263 905 4305 esse
933 4263 1008 4324 eam,
1041 4263 1117 4320 quae
1147 4246 1235 4306 etiam
1264 4246 1292 4305 ei
1324 4247 1361 4306 de

238 4348 294 4405 quo
320 4330 434 4406 agimus
457 4331 523 4388 looo
548 4329 674 4389 maxime
697 4331 853 4391 convenire
877 4332 1001 4390 videtur.
1045 4331 1150 4390 Nonne
1177 4332 1268 4407 igitur
1292 4331 1362 4393 inde

238 4414 315 4490 quod
341 4433 397 4474 non
424 4420 469 4474 est
494 4419 616 4491 recepta
638 4434 726 4492 quam
750 4417 979 4478 luculentissime
1002 4421 1127 4492 apparet
1143 4434 1180 4476 ne
1198 4418 1362 4495 inspectum
