3380 5306
702 461 866 531 ,51-

213 639 277 695 erat
294 634 359 692 finis
378 638 431 712 „nt
448 633 656 694 necessitatem
676 632 839 709 6111136161*ι
857 630 931 716 (Cic.
950 636 988 694 dc
1006 640 1066 694 nat.
1089 631 1342 716 deor.125‚69),

213 738 301 780 causa
319 719 449 780 efficiens
466 719 530 778 sive
549 718 681 777 condicio
701 717 858 779 declinatio
877 723 1040 780 atomorum
1059 715 1133 801 (Cic.
1153 721 1190 780 de
1209 720 1271 779 fato
1293 723 1341 800 10,

213 809 262 885 22,
283 801 326 886 3).
372 804 550 883 Sententiae,
569 821 657 879 quam
674 803 858 884 adumbravi,
877 824 936 864 non
958 807 1154 866 adversantur
1175 806 1343 882 fragmenta

211 890 461 968 Herculanensia3
485 907 553 948 nam
578 890 656 965 quod
675 889 861 965 Gompertius
884 886 981 973 (Neue
998 891 1185 952 Bruchstiick
1202 891 1340 971 Epikurs,

211 977 298 1036 Wien
319 972 413 1057 1816)
431 975 529 1034 exeis
548 976 660 1034 eruisse
678 975 735 1035 sibi
753 975 884 1036 videtur:
921 977 1058 1055 „Epikur
1075 995 1138 1036 war
1155 976 1237 1036 nicht
1266 1021 1274 1036 .
1301 1021 1308 1038 .
1333 1021 1340 1037 .

211 1061 449 1140 Indeterminist3
468 1077 501 1120 cr
518 1079 581 1120 war
597 1061 646 1120 ein
658 1060 779 1135 Gegner
797 1061 849 1122 des
868 1061 1047 1122 Fatalismns
1065 1062 1147 1122 nicht
1165 1063 1218 1122 des
1237 1064 1341 1122 Deter-

211 1145 393 1225 minismus“,
418 1164 455 1206 ex
480 1147 522 1206 eis
540 1162 628 1220 posse
647 1146 841 1206 demonstrari
863 1147 922 1206 iam
940 1149 1071 1208 Zellerns
1089 1151 1179 1223 negat
1197 1143 1288 1229 (Phil.
1311 1148 1340 1208 d.

213 1231 333 1293 Griech.
361 1233 405 1291 III
432 1235 460 1311 1,
486 1233 549 1290 424
577 1232 646 1290 adn.
676 1227 720 1312 4).
753 1265 793 1276 -
827 1231 992 1292 concinunt
1021 1252 1086 1293 cnm
1115 1233 1166 1292 illa
1196 1233 1343 1294 sententia

213 1337 289 1397 qnae
324 1319 410 1378 Lucr.
436 1318 467 1378 in
492 1319 511 1377 l.
536 1317 566 1374 ΙΙ
594 1317 733 1392 disputat.
789 1317 952 1393 Woltjerus
986 1319 1050 1394 ipse
1075 1313 1139 1399 (pg.
1168 1315 1242 1401 100)
1272 1319 1343 1378 citat

213 1423 262 1464 vu.
283 1405 344 1462 277
364 1421 426 1478 sq:

253 1490 354 1548 Iamne
371 1488 456 1550 vides
474 1487 566 1562 igitur
584 1505 761 1562 quamquam
779 1487 824 1545 vis
842 1493 945 1548 extera
963 1490 1070 1550 multos

254 1575 346 1649 pellat
365 1578 395 1634 et
411 1575 519 1632 invitos
539 1577 628 1648 cogat
644 1572 808 1646 procedere
826 1590 916 1649 saepe

253 1659 490 1735 praecipitesque
508 1659 582 1735 rapi,
601 1663 701 1717 tamon
719 1675 808 1717 esse
825 1658 862 1716 in
879 1663 1041 1734 pectore
1058 1664 1192 1720 nostro

256 1743 435 1820 quiddam
457 1743 558 1818 quod
580 1747 716 1802 contra
736 1761 907 1818 pugnare
925 1745 1163 1820 obstareque
1189 1745 1339 1819 possit?

212 1831 272 1892 Sed
289 1830 319 1887 in
337 1832 357 1888 l.
376 1830 417 1889 IV
434 1829 513 1888 idem
531 1827 617 1887 homo
636 1828 738 1888 doctus
756 1829 867 1889 iudicat
884 1830 1055 1889 Lucretium
1073 1830 1139 1905 cogi
1157 1830 1338 1890 voluntatem

211 1935 270 1975 non
287 1916 410 1975 liberam
429 1932 495 1974 esse
512 1912 610 1974 fateri.
655 1911 772 1994 „Nam‘f
791 1947 833 1957 -
851 1916 893 1975 ita
912 1920 1135 1990 argumentatur
1158 1951 1188 1959 -
1213 1915 1259 1995 „si
1277 1934 1337 1975 am·

212 2003 314 2061 bulare
332 2001 416 2079 volo,
440 2001 597 2060 simulacra
620 2001 739 2059 meandi
762 2000 888 2075 primum
913 2002 1049 2061 accidere
1068 2000 1191 2062 debent:
1222 2017 1295 2075 ergo
1313 2000 1338 2058 si

213 2091 363 2167 „„contra
384 2090 519 2160 pugnare
548 2083 773 2159 obstareque““
799 2087 867 2145 volo
885 2086 915 2144 vi
933 2087 1075 2162 extimae,
1102 2104 1179 2161 quac
1202 2103 1249 2145 me
1272 2103 1339 2160 pro-

210 2173 311 2251 pellit,
332 2172 458 2246 primum
477 2171 683 2233 simulacra
700 2171 917 2231 resistendi
935 2173 965 2230 in
984 2173 1112 2231 animum
1131 2189 1226 2231 meum
1250 2189 1339 2246 pcne-

210 2264 290 2319 trare
308 2254 453 2334 debent“;
481 2273 540 2330 qna
564 2256 594 2314 in
612 2273 645 2314 re
663 2273 769 2315 vereor
786 2275 823 2316 ne
841 2257 991 2332 paululum
1009 2258 1110 2332 lapsus
1129 2257 1176 2317 sit.
1222 2257 1339 2316 Etenim

211 2345 236 2404 si
255 2344 302 2402 cui
326 2343 483 2402 simulacra
507 2341 724 2401 resistendi
746 2341 881 2402 accidere
899 2346 1038 2420 possunt,
1067 2347 1166 2417 potest
1182 2342 1337 2419 resister03

211 2429 330 2506 quodsi
348 2433 453 2505 potest,
472 2446 530 2487 non
550 2427 673 2505 cogitur,
693 2444 765 2501 ergo
784 2427 859 2486 liber
878 2433 931 2487 cst.
969 2427 1028 2486 Sed
1045 2446 1104 2492 non
1122 2446 1195 2502 opus
1215 2430 1260 2487 est
1278 2427 1337 2486 illis

210 2515 432 2575 simulacris
445 2512 612 2572 resistendi.
631 2512 708 2570 Nam
722 2513 760 2571 de
773 2513 912 2573 libertate
923 2513 1084 2572 voluntatis
1099 2513 1241 2587 doctrina,
1261 2529 1337 2588 quac

210 2602 240 2660 in
258 2601 278 2659 l.
299 2601 327 2658 Π
344 2604 493 2674 tamquam
511 2616 564 2658 suo
582 2599 647 2657 loco
666 2597 829 2676 exponitur,
849 2631 891 2641 -
908 2597 996 2657 fidem
1025 2599 1102 2657 enim
1120 2599 1200 2658 ducit
1218 2617 1254 2658 ex
1273 2603 1336 2658 ato-

210 2703 322 2745 morum
340 2685 537 2744 declinatione
561 2718 596 2724 —
617 2685 648 2743 in
669 2684 688 2742 l.
708 2683 749 2743 IV
767 2701 812 2742 me
830 2683 926 2743 iudice
944 2701 1002 2743 non
1024 2684 1166 2758 tangitur.
1204 2683 1290 2756 Quod
1307 2688 1339 2743 ut

209 2772 341 2849 probem,
360 2787 409 2834 res
427 2772 514 2844 paulo
533 2768 622 2828 altius
639 2769 802 2843 repetenda
819 2773 875 2828 est.
919 2771 1079 2844 Postquam
1104 2768 1173 2828 inde
1191 2787 1209 2827 a
1226 2787 1255 2827 v.
1276 2769 1338 2827 524

209 2857 340 2916 auditum
358 2873 493 2931 saporem
518 2855 637 2914 odorem
663 2855 792 2928 speciem
816 2855 922 2914 mentis
944 2855 1149 2929 perceptiones
1168 2855 1338 2914 simulacro-

210 2961 274 3002 rum
292 2960 348 3016 ope
366 2941 506 3016 explicuit
523 2944 622 3018 poeta,
640 2959 669 2998 v.
690 2940 750 2996 877
770 2938 874 2998 cadem
892 2941 1004 2998 ratione
1022 2941 1168 2999 incessum
1187 2941 1338 2999 declarare

209 3029 323 3104 incipit.
367 3028 513 3105 Primum,
538 3025 634 3100 inquit
654 3026 731 3103 881,
759 3025 914 3083 simulacra
936 3024 1054 3084 meandi
1078 3026 1215 3085 accidunt
1240 3025 1338 3084 animo

209 3120 310 3174 nostro
333 3131 456 3187 eumque
473 3114 592 3186 pulsant
609 3105 699 3192 (qnae
715 3116 875 3184 sequuntur
893 3111 964 3168 883.
984 3111 1019 3169 4:

251 3200 320 3258 inde
338 3200 474 3258 voluntas
492 3197 540 3256 fit:
560 3212 656 3271 neque
675 3195 751 3254 enim
769 3194 868 3254 iacere
886 3195 988 3270 incipit
1005 3195 1096 3254 ullam

252 3302 314 3344 rem
333 3285 497 3360 quisquam,
521 3301 607 3358 qnam
626 3299 708 3341 mens
726 3280 856 3356 providit
874 3281 944 3356 quid
961 3281 1034 3340 velit
1052 3285 1120 3339 ante

209 3370 249 3430 ad
266 3376 382 3446 tempus
401 3364 532 3449 omitto),
560 3385 632 3443 crgo
655 3367 769 3427 animus
795 3385 860 3426 cum
886 3385 951 3426 sose
970 3367 1012 3426 ita
1030 3369 1194 3424 commovet
1211 3368 1244 3423 nt
1265 3364 1338 3423 velit

209 3459 263 3534 irc,
282 3456 351 3515 ferit
368 3455 483 3514 animae
502 3455 561 3512 vim
579 3472 634 3529 per
651 3453 783 3514 membra
800 3458 830 3512 et
847 3458 928 3513 artus
947 3452 1089 3512 dissitam.
1125 3451 1197 3509 Inde
1216 3467 1253 3509 ea
1270 3468 1337 3525 pro-

209 3561 297 3618 porro
316 3558 421 3615 corpus
440 3540 517 3618 ierit,
536 3545 624 3614 atque
649 3540 692 3598 ita
711 3543 775 3598 tota
792 3540 883 3597 moles
905 3543 1048 3598 movetur.
1092 3539 1255 3596 Praeterea
1276 3541 1337 3595 tum

210 3646 316 3703 corpus
334 3627 474 3704 rarescit,
501 3631 531 3686 et
555 3631 608 3684 aer
631 3625 747 3683 mobilis
765 3625 795 3681 in
814 3624 958 3682 foramina
977 3624 1038 3683 eius
1063 3627 1215 3700 penetrat,
1239 3620 1338 3681 ethis

211 3715 324 3774 duabus
348 3714 437 3772 rebus
461 3729 566 3787 corpus
590 3715 623 3769 ut
646 3711 729 3769 navis
754 3709 828 3768 velis
856 3713 1002 3783 ventoque
1030 3708 1132 3766 fertur.
1162 3742 1203 3748 —
1232 3707 1265 3764 In
1290 3706 1337 3765 his

211 3797 282 3858 nihil
322 3796 359 3856 de
394 3798 531 3857 libertate
574 3800 625 3855 aut
658 3795 845 3854 necessitate.
913 3795 1018 3870 Neque
1064 3793 1141 3852 enim
1178 3791 1337 3869 quaeritur,

210 3889 307 3944 utrum
342 3883 506 3943 simulacris
541 3899 681 3956 cogamur
721 3897 820 3940 meare
857 3898 895 3938 an
932 3881 975 3939 eis
1011 3879 1157 3955 possimus
1185 3877 1336 3956 resistcre,

211 3970 264 4030 sed
292 3970 409 4044 ponitur
434 3987 488 4027 nos
517 3967 618 4025 velle
648 3967 707 4044 irc,
739 3965 775 4024 de
804 3966 919 4026 ratione
944 3965 1034 4040 igitur
1052 3964 1115 4022 sive
1138 3963 1175 4022 de
1196 3962 1337 4022 facultate

210 4055 327 4131 meandi
356 4055 462 4129 agitur.
507 4052 686 4111 Luculenter
708 4051 764 4110 hoc
789 4052 951 4111 illustratur
975 4050 1060 4110 navis
1086 4049 1235 4127 exemplo,
1262 4067 1337 4122 quae

198 4143 314 4202 uelis
336 4143 529 4213 ventoque
558 4136 659 4196 fertur.
703 4138 780 4196 Nam
805 4156 843 4197 ne
865 4136 913 4196 hic
939 4137 1056 4212 quidem
1081 4134 1245 4212 quaeritur,
1269 4153 1337 4192 num

211 4245 270 4301 qua
287 4227 332 4284 vis
354 4242 461 4283 navem
489 4224 518 4281 in
549 4223 726 4282 contrariam
756 4227 871 4297 partem
900 4222 1046 4297 repellere
1068 4221 1177 4298 possit3
1203 4220 1256 4278 scd
1280 4218 1337 4278 hoc

211 4330 299 4370 unum
318 4309 481 4369 affirmatur
501 4327 566 4368 eam
583 4308 657 4367 velis
675 4312 821 4382 ventoque
839 4326 927 4382 posse
944 4307 1076 4382 provehi.
1112 4307 1158 4366 Ne
1176 4322 1247 4365 vero
1267 4304 1336 4364 inde

212 4396 356 4460 efficiatum
379 4396 437 4457 illis
463 4394 626 4454 simulacris
654 4411 708 4453 nos
726 4394 793 4469 cogi
815 4397 866 4453 aut
883 4392 1062 4452 voluntatem
1081 4391 1221 4470 excitari,
1248 4394 1337 4466 po'c‘ta
