3364 5308
805 469 975 525 „12-

395 634 410 692 1
428 633 491 692 350
509 634 635 712 dissipat
652 637 681 695 iu
700 654 807 712 corpus
823 655 890 697 sese
907 637 991 697 cibus
1008 655 1093 698 omne
1111 638 1301 715 animantum,

428 720 545 781 951..
569 766 577 780 .
601 740 655 796 per
688 723 819 798 dissepta
851 723 1002 782 domorum
1031 742 1123 784 muca
1146 742 1236 784 voces
1275 745 1279 750 ·

511 807 698 882 pervolitant,
710 814 864 883 permanat
880 809 954 867 odor
964 808 1116 885 frigusque
1129 827 1280 885 vaposque
1295 805 1299 890 l
1313 809 1391 884 ignis
1403 854 1411 868 .
1424 854 1432 868 .
1446 854 1454 868 .

397 891 412 949 1
430 891 493 954 354
511 891 711 969 intersaepta
729 899 829 954 meant
846 912 935 954 voces
954 900 984 954 et
1001 896 1102 955 clausa
1120 897 1272 955 domorum

510 979 728 1057 transmutant,
747 979 876 1056 rigidum
892 986 1048 1056 permanat
1065 981 1159 1056 frigus
1177 981 1216 1040 ad
1234 999 1302 1041 ossa

323 1061 410 1121 mvl
429 1064 491 1121 228
510 1064 617 1124 transit
635 1110 642 1124 .
667 1110 674 1124 .
694 1109 702 1125 .
720 1066 850 1125 validum
867 1064 978 1125 fulmen
994 1084 1049 1142 per
1066 1072 1175 1144 saepta*
1185 1067 1336 1127 domorum

511 1150 622 1209 clamor
639 1156 724 1211 ntae
741 1169 839 1229 voces,
860 1152 967 1212 transit
983 1169 1039 1227 per
1055 1171 1138 1228 saxa,
1156 1171 1211 1228 per
1227 1171 1298 1212 aera

397 1235 492 1293 1489
511 1237 644 1296 transit.
665 1282 672 1296 .
693 1281 700 1296 .
720 1236 829 1296 fulmen
849 1239 971 1314 caelum,
989 1256 1045 1313 per
1061 1243 1167 1314 saepta
1185 1240 1336 1297 domorum

512 1322 622 1380 clamor
639 1327 671 1381 61
688 1340 724 1382 ac
741 1340 839 1402 voces,
858 1323 968 1382 ferrum
988 1325 1139 1384 candescit
1156 1323 1187 1382 in
1204 1324 1277 1399 igni.

323 1403 388 1477 Qua
412 1406 530 1480 quidem
554 1425 592 1466 ex
621 1408 839 1483 comparatione
865 1408 955 1468 nolim
984 1410 1120 1469 concludi
1152 1410 1291 1470 similium
1323 1410 1454 1468 locorum

322 1492 447 1550 alterum
466 1491 600 1568 inspecto
617 1494 711 1553 altero
733 1495 926 1570 compositum
952 1513 1028 1558 csse.
1065 1494 1215 1555 Interdum
1234 1495 1310 1554 euim
1328 1495 1453 1554 redeunt

322 1594 425 1636 versus
442 1595 501 1636 uno
519 1579 566 1637 vel
584 1581 687 1653 paucis
704 1579 803 1639 verbis
821 1581 1005 1640 commutatis
1023 1583 1106 1640 velut

364 1663 408 1721 111
426 1665 487 1722 701
507 1665 587 1738 6666
603 1670 758 1740 permanat
776 1666 852 1724 enim
871 1665 1052 1745 dissolvitur,
1071 1665 1171 1726 interit
1187 1684 1260 1741 ergo

427 1749 488 1808 756
506 1785 583 1792 -—
602 1755 731 1810 mutatur
1253 1771 1262 1829 3

322 1838 374 1892 ant
398 1835 502 1894 eadem
524 1837 617 1895 verba
642 1841 815 1913 repetuntur
837 1837 924 1896 aliter
950 1843 1062 1897 structa
1083 1833 1135 1918 (of.
1154 1835 1275 1897 Lachm.
1291 1855 1395 1896 comm.
1415 1836 1452 1896 ad

323 1919 497 1980 v1048.9
529 1940 555 1981 c.
574 1941 605 1998 g.

365 2005 405 2064 vl
424 2008 487 2066 200
498 1916 741 2083 )quaerentesqne
758 2007 836 2066 viam
855 2009 1129 2087 circumversantur,
1147 2012 1178 2068 et
1195 2009 1299 2084 ignis

504 2094 617 2152 semina
634 2095 813 2154 convolvunt
830 2112 872 2153 sc.
893 2094 972 2153 venti

372 2177 398 2237 V
423 2176 486 2236 520
504 2183 741 2254 quaerentesque
759 2179 837 2237 riam
855 2180 1122 2240 circumversantur
1138 2183 1169 2240 et
1186 2179 1299 2256 ignes

505 2265 614 2339 passim
633 2282 688 2340 per
705 2265 781 2325 caeli
799 2266 921 2336 volvunt
938 2264 1077 2326 immania
1094 2267 1220 2343 templa3

321 2366 379 2406 non
398 2367 555 2424 numquam
574 2350 700 2426 denique
719 2352 807 2410 etiam
826 2350 937 2410 eisdem
955 2351 1055 2411 verbis
1073 2352 1133 2412 alia
1150 2351 1232 2410 notio
1248 2351 1358 2411 subest.
1385 2352 1451 2411 Non

322 2434 389 2493 dico
408 2433 445 2493 de
468 2436 591 2511 singulis
610 2437 747 2514 vocibus,
779 2454 855 2513 quae
878 2437 1000 2496 consilio
1022 2437 1147 2513 quodam
1167 2436 1285 2496 diversa
1305 2437 1450 2512 significa-

322 2519 402 2578 tione
420 2525 568 2595 ponuntur
594 2517 644 2602 (cl.
661 2523 811 2582 Vahlenus
828 2521 859 2581 in
877 2522 938 2582 ind.
957 2523 1025 2582 lect.
1045 2523 1142 2582 Berol.
1164 2523 1256 2581 1881.
1276 2524 1294 2580 2
1313 2541 1382 2598 pag.
1409 2520 1449 2604 7),

322 2622 417 2680 66666
436 2624 536 2667 66666
554 2608 711 2668 verborum
730 2610 909 2686 complexus,
929 2608 1035 2683 quibus
1053 2608 1118 2668 aliis
1136 2607 1209 2667 locis
1228 2607 1287 2666 alia
1310 2607 1452 2668 subicitur

322 2693 478 2770 sententia,
498 2694 581 2768 quasi
593 2693 713 2752 auribus
725 2698 813 2769 atque
826 2695 892 2770 ipso
909 2694 1006 2753 sonitu
1019 2694 1260 2773 continebantur;
1279 2695 1360 2753 carui
1373 2695 1450 2753 enim

323 2776 448 2837 debetur
466 2796 492 2838 6.
512 2797 541 2853 g.
560 2777 609 2838 hio
627 2779 784 2838 verborum
802 2785 976 2839 concentus:

364 2863 393 2921 ΙΙ
428 2863 623 2942 cecropides
642 2909 649 2924 .
670 2909 677 2924 .
697 2909 704 2923 .
724 2870 874 2940 nequeunt
891 2864 1012 2924 vitalem
1028 2864 1189 2926 reddere
1206 2882 1355 2924 sensum

511 2951 531 3009 i.
550 2968 577 3009 e.
596 2950 687 3010 vitam
706 2949 823 3010 efficere

321 3033 541 3094 6111100661
569 3041 602 3094 nt
633 3053 682 3095 res
712 3080 719 3095 .
745 3081 752 3095 .
777 3081 784 3096 .
821 3036 941 3110 capiant
966 3054 1104 3096 666666
1129 3041 1293 3112 61666616
1319 3043 1451 3113 tempore

511 3113 681 3182 reddant
697 3122 717 3181 i.
737 3140 763 3181 e.
781 3123 919 3197 perdant.

322 3205 381 3264 Sed
396 3206 431 3265 si
452 3212 498 3265 ter
520 3208 546 3265 V
565 3208 637 3286 488,
667 3209 708 3267 Vl
732 3208 805 3285 405,
837 3209 876 3268 Vl
903 3210 984 3267 1142
1009 3208 1167 3268 inversus
1192 3208 1272 3268 exitu
1297 3227 1451 3286 „campos-

322 3308 381 3365 que
403 3289 552 3352 natantis“
586 3293 804 3369 intellegendae
827 3298 895 3353 sunt
921 3291 1069 3373 ,‚undae“,
1095 3295 1186 3354 semel
1207 3295 1248 3354 VI
1265 3296 1327 3353 267
1352 3313 1450 3374 „cam-

321 3391 436 3452 posque
463 3375 586 3438 natare“
624 3378 828 3454 significantur
857 3379 985 3457 „campi-
1002 3377 1173 3456 inundati“‚
1209 3381 1257 3439 vel
1286 3380 1311 3439 si
1334 3381 1363 3438 11
1387 3381 1448 3439 863

323 3461 535 3538 „fundamenta
558 3465 665 3540 quibus
689 3464 799 3523 nitatur
824 3483 936 3523 summa
960 3461 1084 3524 salutis“
1112 3464 1247 3524 dicuutur
1269 3466 1451 3543 „primordia

323 3544 458 3627 rerum“,
483 3551 525 3608 1v
546 3551 606 3608 506
626 3555 739 3610 autem:
770 3549 982 3628 „fundamenta
1007 3550 1113 3627 quibus
1138 3552 1253 3610 nixatur
1279 3553 1341 3612 vita
1358 3553 1449 3612 salus-

323 3631 402 3708 que“
422 3652 486 3694 cum
505 3636 564 3694 alia
587 3635 706 3696 vivendi
732 3637 879 3712 principia
902 3640 963 3695 tum
988 3633 1081 3716 „fides
1106 3635 1264 3696 sensuum“
1291 3631 1341 3718 (cf.
1359 3656 1411 3714 pg.
1431 3637 1449 3695 5

322 3720 367 3778 III
394 3719 473 3799 325,
507 3721 615 3780 7554
641 3727 671 3782 61
695 3723 736 3781 Vl
755 3723 833 3801 775,
862 3723 904 3782 VI
922 3717 1012 3804 990):
1037 3741 1095 3782 non
1118 3722 1236 3782 videtur
1256 3721 1451 3798 improbabile

324 3809 441 3880 politam
464 3806 494 3865 in
513 3808 671 3868 eorundem
689 3809 846 3868 verborum
864 3826 948 3867 usum
965 3809 1115 3887 recidere,
1142 3808 1211 3885 quia
1235 3823 1324 3869 66666
1343 3814 1373 3869 61
1398 3827 1450 3868 66-

323 3908 421 3950 merus
439 3910 538 3953 eorum
556 3894 586 3953 in
603 3901 701 3954 mente
717 3892 888 3954 haerebant.

410 3977 509 4037 Etiam
533 3981 661 4040 maiores
683 3997 820 4039 versuum
846 3981 937 4039 series
960 3979 1128 4040 Lucretium
1149 3980 1291 4040 memoria
1321 3981 1452 4041 tenuisse

268 4085 271 4092 ’
325 4061 396 4137 quid
414 4063 530 4123 omnino
549 4065 669 4144 mirum,
697 4083 764 4124 cum
782 4066 846 4125 dies
865 4070 894 4125 et
911 4069 1013 4124 noctes
1032 4067 1198 4126 elaboranti
1215 4065 1331 4126 facilius
1349 4067 1450 4126 inbae-

325 4154 443 4208 rescant
459 4152 635 4225 praesertim
659 4169 694 4210 ea
719 4169 795 4224 quae
814 4169 999 4211 numerorum
1017 4151 1132 4210 vinculo
1151 4150 1347 4212 cohibentur?
1390 4154 1451 4212 lam

326 4234 352 4293 si
372 4235 437 4309 quis
455 4253 490 4295 eo
509 4237 659 4312 confugiat
677 4240 709 4296 ut
728 4253 778 4295 eos
796 4238 899 4296 saltem
924 4239 1022 4316 locos,
1054 4256 1127 4312 quos
1145 4256 1182 4298 ex
1204 4238 1270 4296 aliis
1289 4239 1452 4313 exscriptos

328 4337 393 4380 esse
411 4321 571 4381 verisimile
594 4327 655 4402 661,
687 4322 891 4398 interpolatori
915 4323 1086 4383 tribuendos
1111 4341 1176 4384 6666
1202 4323 1360 4383 contendat
1384 4342 1451 4399 pro-

328 4410 432 4480 pterea
450 4406 528 4482 quod
546 4408 598 4468 illa
616 4427 706 4484 opera
722 4407 846 4484 indigna
865 4408 902 4468 sit
919 4412 1023 4484 pocta:
1042 4408 1069 4468 is
1086 4409 1144 4468 nisi
1157 4409 1244 4470 fallor
1259 4428 1316 4470 non
1331 4410 1451 4471 rationi-
