3380 5306
803 434 973 490 ...164

321 602 389 661 Non
419 601 547 662 voluisse
576 601 749 666 Lucretium
772 601 827 662 hos
862 619 965 662 versus
998 607 1057 661 tam
1092 621 1183 678 parvo
1212 604 1368 664 intervallo
1396 605 1450 666 ite·

321 707 386 748 rum
414 705 524 763 ponere
550 686 670 747 Lachm.
700 688 757 748 iam
783 689 928 766 ostendit,
959 706 1024 747 cum
1052 708 1100 749 vv.
1127 691 1274 749 522-28
1300 698 1451 766 tamquam

323 776 468 834 emblema
486 773 569 832 uncis
587 774 762 834 includeret.
797 773 930 851 Apparet
949 775 1026 834 enim
1045 793 1095 835 eos
1113 795 1171 836 non
1189 795 1246 836 uno
1264 782 1367 836 tenore
1386 795 1450 836 cum

323 878 390 935 sqq.
411 859 558 918 529-31
579 860 705 935 scriptos
728 877 812 937 esse3
840 859 946 935 quibus
971 861 1113 935 aptiorem
1138 863 1342 922 transitionem
1361 861 1451 922 conti-

322 950 409 1024 nent,
436 945 574 1020 qnoniam
603 963 763 1023 „generum
787 945 969 1021 singulorum
1000 941 1252 1027 (primordiorum)
1276 947 1452 1024 significatio

323 1031 480 1106 praeteriri
510 1048 568 1088 non
598 1028 730 1090 debuit‘.
782 1032 848 1090 Non
875 1031 993 1106 quidem
1021 1033 1137 1108 integra
1160 1040 1204 1093 est
1230 1033 1304 1093 haec
1328 1033 1452 1094 inferior

323 1117 476 1194 transitio,
495 1116 650 1175 incohatur
668 1117 745 1175 enim
763 1134 782 1175 a
797 1118 897 1177 verbis
916 1117 1070 1200 „versibus
1086 1117 1258 1178 ostendam“
1280 1120 1352 1179 529.
1392 1121 1450 1178 lta-

325 1220 382 1277 que
401 1202 595 1278 Bemaysium
620 1207 737 1262 secutus
756 1201 844 1261 credo
867 1207 956 1262 antea
980 1221 1067 1262 unum
1088 1207 1136 1264 vel
1160 1207 1260 1281 plnres
1279 1213 1451 1264 111111111-

325 1288 446 1366 cidisse,
469 1287 537 1346 huic
556 1292 652 1346 autem
670 1287 836 1348 transitioni
855 1288 944 1346 -id
968 1289 1046 1364 qnod
1069 1289 1189 1351 Lachm.
1210 1291 1273 1350 fere
1296 1291 1389 1349 voluit
1411 1325 1452 1334 —

324 1380 429 1450 postea
446 1373 618 1433 substitutos
637 1391 702 1432 esse
717 1393 766 1432 vv.
786 1374 944 1434 522-28.
990 1372 1055 1446 Qua
1082 1377 1196 1436 ratione
1225 1377 1361 1452 repetitio
1387 1394 1452 1435 ver-

325 1478 418 1538 suum,
438 1461 474 1519 de
493 1457 598 1532 quibus
616 1459 740 1536 agimus,
759 1459 830 1519 satis
849 1465 1015 1519 excusatur.

326 1546 424 1604 Verba
442 1549 540 1608 autem
557 1562 694 1608 versuum
711 1544 753 1604 IV
771 1545 843 1604 246.
865 1548 881 1604 7
902 1551 932 1606 11
950 1547 990 1605 IV
1007 1547 1079 1604 280.
1102 1549 1117 1603 1

825 1703 828 1710 1
931 1631 1081 1707 protrudit
1103 1633 1226 1707 agitque

412 1723 483 1776 aera
501 1717 551 1792 qui
570 1716 648 1775 inter
666 1734 697 1775 se
721 1733 844 1791 cumque
863 1721 908 1776 cst
925 1719 1084 1792 oculosque
1102 1717 1226 1797 locatus,

617 1800 687 1882 (an
707 1802 757 1880 80,
779 1802 828 1861 Br.
849 1797 935 1884 207).

327 1906 503 1965 quamquam
522 1888 610 1948 etiam
628 1887 740 1947 minore
764 1887 921 1948 intervallo
946 1887 1104 1967 iterantur,
1131 1894 1311 1947 tamennon
1337 1889 1455 1948 videtur

327 1976 480 2050 probabile
498 1975 627 2034 futurum
644 1973 735 2033 fuisse
753 1977 785 2032 ut
802 1993 939 2048 nmquam
958 1976 1052 2033 altero
1070 1975 1136 2034 loco
1154 1978 1347 2034 mutarentur.
1377 1974 1455 2032 Tota

328 2062 403 2120 enim
423 2078 509 2139 pars,
532 2062 561 2118 in
582 2078 641 2135 qua
659 2063 791 2138 exstant,
816 2061 879 2119 sine
898 2060 1119 2134 intercapedine
1145 2060 1312 2135 conscripta
1329 2059 1454 2118 videtur.

326 2148 437 2206 Versus
463 2164 532 2206 vero
557 2162 658 2205 omnes
682 2145 752 2203 inde
777 2164 795 2204 a
821 2147 882 2204 269
910 2146 948 2205 ad
971 2147 1032 2204 291
1053 2164 1111 2220 quo
1129 2147 1193 2205 inre
1209 2145 1265 2205 Gn.
1291 2150 1399 2223 tentet,
1426 2151 1456 2204 et

326 2233 391 2308 ipse
410 2232 599 2308 persentiscit
618 2235 648 2289 et
669 2231 846 2305 aBriegero
868 2237 949 2291 recte
975 2236 1162 2292 monstratur.
1208 2233 1267 2291 Sed
1294 2233 1330 2290 de
1355 2231 1455 2290 verbis

329 2319 428 2398 „quod
445 2315 560 2394 genus“
578 2318 649 2394 271,
669 2334 745 2392 quae
761 2315 898 2377 Gneissio
912 2317 999 2376 alitor
1017 2336 1051 2377 ac
1065 2318 1182 2377 soleant
1194 2317 1291 2392 posita
1309 2315 1454 2393 videntur,

327 2423 422 2480 pauca
440 2405 550 2464 addere
568 2403 668 2461 liceat.
714 2402 809 2461 Credo
829 2403 906 2461 enim
931 2409 1023 2462 totam
1047 2403 1309 2481 comparationem,
1337 2421 1412 2476 quae
1437 2421 1455 2460 a

328 2509 356 2549 v.
376 2491 436 2547 271
464 2489 543 2565 quod
561 2506 654 2564 genus
673 2532 680 2546 .
701 2531 708 2546 .
727 2488 856 2564 pertinet
874 2489 912 2548 ad
931 2508 958 2548 v.
978 2491 1039 2548 278
1065 2489 1311 2566 transpiciuntnr,
1338 2487 1456 2548 trahen-

329 2566 397 2635 dam
415 2593 480 2635 esse
498 2576 537 2634 ad
555 2573 725 2652 sequentia,
745 2579 777 2632 nt
797 2571 896 2654 „qnod
914 2572 1027 2649 genus“
1056 2577 1115 2632 271
1138 2578 1168 2634 11
1191 2572 1274 2654 „sic“
1294 2575 1355 2632 279
1380 2573 1457 2632 inter

328 2678 361 2721 se
389 2659 599 2736 respondeant.
656 2659 771 2718 Etenim
806 2659 837 2717 id
867 2659 945 2734 quod
978 2659 1184 2734 exponendum
1213 2664 1258 2719 est
1287 2677 1360 2738 „cur
1380 2660 1457 2717 ultra

328 2749 478 2822 speculum
505 2744 703 2819 conspiciatur
729 2743 849 2819 imago“
879 2746 1043 2805 illustratur
1076 2748 1210 2820 exemplo
1240 2762 1354 2821 rerum,
1381 2761 1456 2818 qnae

329 2832 400 2891 foris
425 2850 479 2908 per
498 2831 616 2890 ianuam
642 2830 882 2905 transpiciuntur.
928 2831 1027 2891 Verba
1050 2836 1147 2890 autem
1173 2831 1218 2908 „is
1238 2849 1354 2905 quoque
1379 2829 1457 2889 enim

329 2918 409 2978 visus
439 2916 549 2991 duplici
578 2915 610 2974 fit
638 2913 728 2974 1111ιι
759 2916 821 2974 274
852 2921 969 2975 sumunt
997 2917 1027 2975 id
1054 2917 1150 2991 ipsum
1179 2922 1328 2990 tamquam
1358 2917 1456 2990 explo-

329 3008 442 3081 ratum,
473 3001 551 3078 quod
582 2999 797 3077 expediendum
832 3006 878 3060 est
910 3019 951 3061 sc.
982 3020 1101 3061 causam
1133 3020 1185 3061 cur
1214 3001 1287 3060 illud
1316 3001 1367 3061 fiat
1392 3017 1457 3059 esse

329 3089 475 3165 duplicem
498 3094 606 3147 acrem.
652 3086 738 3160 Quod
764 3105 828 3146 cum
853 3105 912 3147 non
938 3088 1094 3148 antecedat
1123 3089 1175 3146 sed
1205 3091 1355 3165 sequatur,
1380 3104 1456 3144 com-

328 3175 444 3250 paratio
477 3174 515 3232 ad
549 3174 703 3249 sequentia
731 3174 853 3232 tendere
883 3173 1039 3233 statuenda
1068 3178 1113 3232 est
1143 3174 1185 3232 ita
1213 3178 1245 3232 ut
1271 3173 1324 3231 illa
1351 3189 1456 3247 paren-

328 3261 437 3338 thesis,
465 3277 552 3335 quam
577 3265 648 3335 puto
674 3276 739 3318 esse
763 3260 855 3318 verba
881 3259 925 3338 „is
951 3277 1067 3335 quoque
1093 3259 1171 3318 enim
1194 3293 1235 3300 —
1263 3257 1457 3333 transpicinn·

328 3343 396 3406 111ιι
424 3347 588 3424 274-78,
616 3363 680 3404 eam
705 3343 801 3418 ipsam
826 3345 889 3404 sive
914 3349 1034 3404 excuset
1062 3343 1125 3404 sive
1151 3346 1330 3420 comprobet.
1381 3342 1457 3402 Huic

329 3431 567 3507 interpretationi
604 3448 662 3489 non
695 3430 780 3489 obest
817 3429 896 3505 quod
925 3430 1006 3504 prius
1038 3429 1264 3504 comparationis
1297 3429 1458 3488 membrum

330 3516 423 3596 (quod
451 3534 545 3591 genus
571 3561 578 3575 .
604 3510 625 3595 .)
654 3533 712 3574 111
741 3516 828 3590 plene
856 3515 985 3575 effertur.
1049 3516 1127 3574 Nam
1155 3515 1229 3574 haec
1258 3515 1377 3574 licentia
1405 3531 1459 3588 per

329 3621 444 3662 omnem
472 3606 555 3677 patet
582 3601 767 3661 latinitatem.
810 3602 856 3661 Ne
880 3601 953 3660 illud
977 3600 1095 3676 quidem
1121 3604 1273 3660 molestum
1298 3601 1354 3660 erit
1380 3599 1459 3674 qnod

329 3691 408 3748 nullo
428 3687 568 3747 orationis
585 3687 702 3746 vinculo
720 3705 786 3746 cum
803 3686 1047 3747 antecedentibus
1064 3687 1210 3764 iungitur,
1230 3685 1376 3761 siquidem
1393 3685 1455 3744 ani·

330 3773 523 3834 madverteris
542 3776 579 3834 ab
606 3790 641 3832 ea
662 3773 753 3832 ordiri
776 3773 872 3848 ipsam
896 3773 1138 3850 explicationem,
1165 3770 1369 3831 161111060
1395 3769 1456 3830 exit

227 3933 229 3941 Α
330 3877 421 3937 saepe
438 3905 467 3920 ..
485 3861 527 3918 IV
538 3861 600 3918 387
617 3877 676 3935 qna
693 3857 828 3918 vehimur
845 3859 913 3917 navi
927 3903 955 3919 ..
975 3859 1076 3918 V200
1093 3858 1239 3934 principio
1256 3862 1417 3932 quantum.
1438 3900 1457 3934 .,

331 4110 492 4170 antecedere
515 4111 602 4165 verbis
629 4109 696 4174 „iam
718 4117 837 4164 rursum“
861 4109 937 4180 (481)
963 4143 998 4152 -
1024 4125 1091 4180 qnae
1114 4126 1169 4166 non
1195 4109 1360 4178 interpretor
1387 4124 1462 4173 ,aum

332 4185 356 4238 2.
380 4183 468 4249 Mal“‚
496 4181 544 4235 sed
573 4181 626 4242 „ita
651 4183 682 4234 ut
707 4180 828 4247 superior
853 4180 941 4246 aliqua
967 4180 1165 4248 argumentatio
1188 4179 1376 4248 perturbetnr“
1407 4179 1462 4231 sive

335 4269 439 4318 „rursus
457 4251 631 4316 resolvatnr“,
656 4249 689 4303 cf.
707 4250 720 4302 Ι
738 4249 790 4302 660
808 4264 859 4302 111
875 4265 979 4302 rursum
1003 4253 1119 4304 cernunt
1136 4252 1263 4317 exempto
1287 4249 1369 4302 rebus
1387 4247 1463 4300 inani

332 4321 421 4444 {mnia
437 4319 544 4442 dqnseri
560 4348 595 4359 -
612 4334 666 4372 111
683 4318 830 4385 indicatum
853 4317 996 4371 monstrari
1013 4322 1103 4372 autem
1120 4318 1246 4371 videntur
1264 4333 1329 4371 voce
1352 4323 1460 4384 ,111111α

350 4391 384 4444 99
402 4405 441 4442 vv.
492 4391 543 4442 615
561 4404 617 4455 sqq.
