3380 5306
834 428 983 485 ..4-

348 596 514 672 opinionem
543 598 627 674 qnasi
658 599 703 658 eis
727 604 815 674 polita
838 599 955 658 omnino
986 597 1161 658 abstinuerit
1189 615 1248 656 non
1273 602 1333 656 tam
1356 599 1475 659 sustulit
1541 667 1545 678 ι

349 701 436 757 quam
455 682 648 743 confirmavit.
693 685 765 743 Mihi
784 686 922 744 universo
942 684 1060 744 dicendi
1086 702 1195 759 genere
1213 683 1244 741 id
1262 684 1379 744 videtur
1396 703 1474 746 com-

348 768 483 847 probari,
510 770 606 848 quod,
634 789 672 829 ne
696 772 773 830 ultro
799 771 990 830 fundamenta
1015 770 1100 829 nobis
1125 774 1309 847 evertamus,
1341 789 1378 830 ex
1402 770 1475 846 ipsis

348 853 464 930 legibus
487 855 561 915 artis
590 856 712 915 criticae
741 855 908 933 ponendum
933 860 992 915 est:
1023 855 1229 933 repetitiones,
1258 873 1335 931 quae
1359 861 1475 916 senten-

349 939 454 999 tiarum
473 959 550 1000 nexu
573 941 756 1020 flagitentur,
780 941 918 1002 Lucretio
945 942 1064 1020 deberi,
1089 941 1145 1000 etsi
1168 959 1227 999 non
1252 942 1331 1000 omni
1356 945 1476 1001 careant

258 1051 265 1058 ·
348 1026 497 1105 molestia,
523 1027 611 1086 immo
635 1045 694 1086 non
719 1045 795 1103 quae
822 1028 993 1103 flagitantur
1017 1028 1121 1105 modo,
1146 1026 1305 1086 sedetiam
1324 1045 1399 1103 quae
1418 1045 1476 1086 non

349 1112 464 1170 alienae
493 1117 577 1191 sunt,
606 1114 752 1188 genuinae
781 1114 852 1173 mihi
881 1114 1028 1173 videntur.
1073 1114 1119 1170 Ex
1148 1113 1338 1172 incommodis
1366 1118 1474 1190 antem,

348 1197 523 1272 praesertim
541 1216 578 1257 ex
600 1199 759 1259 levioribus
783 1199 925 1259 orationis
948 1199 1155 1276 incommodis,
1180 1196 1254 1256 nibil
1280 1199 1406 1273 amplius
1430 1216 1476 1256 me

348 1283 460 1342 arbitro
489 1289 570 1343 reete
600 1283 777 1345 diiudicatur
806 1303 893 1359 quam
918 1303 975 1359 qno
998 1285 1063 1344 loeo
1085 1301 1190 1343 versus
1220 1284 1317 1342 iterati
1342 1285 1477 1360 primitus

350 1369 409 1428 sint
427 1369 573 1428 collocati.
618 1369 731 1442 Quodsi
756 1370 986 1430 demonstratum
1012 1370 1068 1430 erit
1091 1369 1258 1429 Lucretium
1281 1387 1339 1427 non
1364 1369 1476 1444 fugisse

349 1452 553 1530 repetitiones,
573 1455 645 1514 satis
663 1455 727 1515 fore
749 1456 908 1531 suspiceris
925 1456 1017 1515 verbo
1036 1455 1214 1533 dicereeas,
1233 1472 1307 1530 quas
1323 1455 1477 1514 Gneissius

349 1540 459 1614 aliique
469 1541 651 1599 emendatori
659 1541 796 1600 carminis
804 1542 867 1601 sive
875 1541 1077 1617 interpolatori
1088 1541 1295 1618 attribuerunt,
1305 1540 1477 1600 referendas

350 1642 416 1685 osse
435 1624 474 1684 ad
492 1626 662 1685 Lucretium
677 1627 777 1701 ibique
791 1625 996 1688 secundarium
1011 1632 1113 1687 tenere
1129 1627 1234 1704 locum,
1253 1627 1304 1686 ubi
1323 1627 1477 1686 offensioni

350 1712 419 1770 sint.
458 1711 497 1770 At
516 1729 553 1770 ne
572 1712 725 1772 molestiae
744 1712 862 1788 quidem
881 1730 957 1789 quae
975 1717 1176 1771 monstrantur
1194 1729 1295 1771 omnes
1314 1729 1476 1787 agnoscen-

352 1798 408 1856 dae
426 1795 498 1855 milni
517 1796 670 1875 videntur,
696 1799 773 1857 aliae
792 1803 889 1858 autem
914 1817 973 1857 non
992 1798 1063 1858 satis
1082 1802 1162 1858 recte
1181 1798 1218 1857 ab
1236 1797 1303 1856 aliis
1320 1797 1477 1874 refutatae,

351 1883 509 1942 nonnullae
525 1881 652 1958 denique
670 1884 758 1942 etiam
774 1901 840 1944 esse
857 1885 997 1962 intactae,
1023 1889 1055 1943 ut
1079 1884 1108 1944 in
1124 1883 1256 1959 singulos
1274 1884 1355 1942 locos
1373 1884 1477 1942 iterum

351 1967 501 2043 inquirere
521 1985 640 2043 operam
658 1986 717 2028 non
735 1969 882 2044 perditam
901 1970 964 2029 iore
983 1987 1104 2045 sperare
1122 1970 1219 2028 liceat.

438 2052 498 2112 Sed
510 2058 599 2113 antea
613 2053 805 2114 fundamenta
820 2055 1000 2131 quaestionis
1017 2053 1140 2113 firmiter
1153 2053 1388 2114 constabiliendo
1400 2057 1476 2113 sunt.

351 2140 456 2213 Itaque
474 2139 598 2212 primum
617 2140 708 2198 affero
726 2141 919 2215 repetitiones
938 2140 1097 2218 quasdam,
1117 2157 1193 2214 quae
1212 2139 1292 2199 nullo
1310 2144 1397 2215 pacto
1415 2144 1477 2198 ten-

351 2225 408 2284 tari
426 2229 558 2302 possunt,
578 2241 642 2284 oum
659 2230 710 2284 ant
725 2227 911 2286 necessariae
933 2227 991 2286 sint
1007 2231 1058 2285 aut
1070 2229 1158 2301 aptae
1173 2231 1263 2300 atque
1279 2226 1359 2283 omni
1371 2229 1479 2283 vacent

352 2310 598 2389 reprehensione,
625 2311 733 2370 deinde
757 2313 849 2390 tales,
865 2317 953 2387 'quae
980 2329 1156 2387 quamquam
1180 2311 1323 2370 molestiis
1341 2312 1479 2370 laborant

351 2401 450 2456 tamen
468 2414 625 2471 numquam
644 2396 673 2454 in
693 2387 906 2457 dubitationem
924 2403 1047 2458 vocatae
1066 2402 1148 2475 sunt,
1173 2397 1310 2472 quoniam
1336 2397 1407 2455 item
1425 2413 1480 2471 per

351 2499 383 2540 se
403 2481 495 2540 doleri
513 2487 672 2556 nequount.

438 2565 561 2627 Omissis
586 2567 679 2643 igitur
707 2567 842 2626 formulis
869 2567 1010 2627 orationis
1046 2568 1171 2643 aliisque
1205 2567 1294 2627 certis
1322 2566 1479 2626 verborum

352 2653 602 2728 complexionibus
617 2649 657 2734 ¹),
683 2654 784 2729 quales
813 2652 869 2712 etsi
891 2653 971 2728 apud
988 2652 1156 2712 Lucretium
1181 2655 1281 2728 plures
1306 2652 1431 2712 fortasse
1450 2657 1480 2712 et

352 2756 405 2798 eae
424 2738 541 2814 quidem
559 2740 677 2814 saepius
695 2744 850 2797 recurrunt
873 2743 971 2797 tamen
990 2739 1069 2812 apud
1088 2740 1220 2814 quemvis
1239 2739 1412 2814 scriptorem
1435 2739 1479 2797 in-

353 2823 508 2883 veniuntur
533 2821 583 2907 (cf.
607 2824 813 2902 Albreolrtius,
838 2823 1041 2883 Wiederholte
1058 2825 1152 2884 Verso
1175 2825 1237 2883 und
1262 2825 1407 2884 Versteile
1431 2825 1479 2883 bei

352 2911 464 2988 Vergil,
484 2911 608 2969 Hermes
626 2911 695 2969 XVI
713 2911 900 2984 393-444,
920 2910 1046 2971 maxime
1064 2906 1157 2991 402),
1182 2910 1263 2986 pleni
1288 2909 1350 2969 fere
1375 2923 1480 2970 versus

353 2996 383 3054 in
402 3013 460 3054 una
478 2995 641 3071 eademque
665 2995 922 3072 argumentatione
947 2994 978 3053 hi
999 2995 1182 3070 potissimum
1206 2996 1308 3054 iterari
1327 2996 1479 3055 videntur:

397 3115 522 3174 corpora
541 3117 606 3158 oum
625 3100 760 3159 deorsum
777 3106 890 3159 rectum
908 3117 963 3174 per
980 3099 1067 3159 inane
1086 3099 1217 3158 feruntur
1235 3099 1263 3157 11
1283 3101 1342 3157 217

396 3219 516 3226 —-——
539 3203 596 3261 quo
615 3185 701 3244 citius
1236 3185 1264 3243 Il
1283 3186 1360 3242 226·

799 3289 854 3330 nec
871 3275 1004 3347 tempore
1023 3276 1104 3330 certo

396 3373 451 3415 nec
470 3357 591 3430 regione
609 3356 666 3414 loci
685 3361 766 3416 certa
1298 3356 1327 3413 Ι[
1346 3355 1418 3414 259.
1439 3357 1479 3414 60

398 3528 465 3586 dum
484 3525 571 3585 facile
589 3527 620 3585 in
635 3545 728 3586 venas
746 3527 829 3586 cibus
848 3527 942 3586 omnis
959 3526 1070 3585 inditur
1087 3531 1118 3586 et
1135 3526 1203 3584 dum
1222 3527 1249 3584 ll
1270 3442 1408 3585 11125293

397 3631 452 3672 nec
955 3611 1066 3692 diditur
1083 3613 1111 3672 ei
1221 3611 1255 3670 Il*
1269 3613 1350 3670 1136

355 3832 383 3900 1)
400 3831 443 3884 Ex
460 3831 511 3884 hoc
528 3845 629 3897 genero
646 3831 711 3882 sunt
728 3844 751 3882 e.
770 3844 795 3896 g.
814 3829 919 3898 saepius
935 3829 1063 3883 iteratae:

457 3899 623 3966 Magnopere
641 3914 658 3952 a
677 3913 740 3950 vere
756 3897 824 3966 lapsi
840 3897 945 3951 ratione
962 3897 1094 3962 videntur,

458 3967 543 4020 multa
558 3966 643 4021 modis
660 3966 750 4019 multis
768 3967 797 4020 in
815 3970 924 4021 cunctas
942 3966 1057 4034 undique
1074 3968 1179 4034 partes3

354 4037 444 4105 plures
466 4037 601 4103 congessit
618 4034 755 4089 Gneissius
778 4051 821 4104 pg.
845 4036 860 4088 7
884 4038 913 4088 ot
936 4035 960 4089 8.
995 4035 1055 4089 Huc
1077 4034 1217 4102 pertinent
1240 4034 1369 4110 formulas
1394 4034 1479 4102 mame

355 4106 477 4174 poeticae
495 4105 587 4172 quales
605 4108 670 4157 sunt

458 4178 545 4227 morte
563 4172 637 4227 obita
653 4187 765 4240 quorum
781 4171 861 4225 tellus
879 4171 1049 4240 amplectitur
1067 4187 1128 4226 ossa
1144 4173 1157 4225 I
1176 4171 1226 4225 135

459 4259 570 4310 quorum
587 4245 673 4295 morte
691 4239 764 4294 obita
1140 4241 1178 4294 IV
1196 4239 1247 4294 734

458 4310 606 4366 Democriti
624 4309 694 4376 quod
712 4314 805 4364 sancta
821 4310 872 4364 viri
889 4311 1025 4364 sententia
1045 4311 1123 4379 ponit
1140 4309 1180 4362 Ill
1197 4309 1248 4362 371
1266 4309 1291 4362 V
1308 4309 1359 4361 622

462 4422 468 4434 .
488 4422 494 4434 .
512 4381 590 4448 nigra
605 4380 690 4432 mum
708 4384 834 4447 percocto
851 4380 940 4433 saecla
957 4380 1045 4433 colore
1140 4378 1178 4431 VI
1196 4378 1256 4444 722,
1274 4378 1350 4431 1109.
