3380 5306
714 460 882 516 ..11-

234 633 265 690 in
283 633 303 690 l.
322 631 362 690 VI
380 631 505 705 primum
525 630 701 706 declaratur,
721 647 778 703 quo
797 629 883 687 modo
901 629 994 686 nubes
1013 629 1154 706 oriantur,

278 717 341 774 470
515 716 663 790 permulta
681 715 755 772 mari
775 732 892 788 quoque
909 713 1013 771 tollere
1024 718 1095 773 toto

358 819 481 875 corpora
499 805 632 859 naturam
651 801 803 859 declarant
821 800 942 859 litore
960 803 1091 860 vestes

359 904 590 963 suspensae,
610 904 674 949 cum
694 885 862 959 concipiunt
879 884 988 944 umoris
1007 884 1177 961 adhaesum,
1223 876 1226 888 '
1247 943 1253 952 ,

235 973 341 1032 deinde
358 975 447 1047 paulo
466 977 542 1050 post,
562 972 623 1029 503
645 971 724 1030 venti
745 970 913 1045 concipiunt

277 1077 416 1137 umorem,
435 1059 526 1118 veluti
543 1057 753 1132 pendentia
772 1053 921 1136 vellepa¹
938 1057 1053 1114 lanae

234 1161 406 1239 exponitur,
444 1161 494 1236 qui
526 1160 644 1236 pluvius
678 1178 761 1218 umor
794 1163 966 1218 concrescat
993 1159 1022 1218 in
1054 1159 1197 1235 nubibus,
1234 1155 1360 1230 denique

189 1309 192 1317 ,
234 1247 275 1305 VI
293 1247 353 1304 617
374 1265 418 1321 sq.

335 1332 468 1391 videmus
489 1376 496 1391 .
516 1376 523 1390 .
544 1376 551 1391 .
570 1332 661 1390 vestis
679 1347 780 1390 umore
803 1331 951 1402 madentis

277 1419 427 1477 exsiccare
445 1418 505 1476 suis
523 1417 615 1477 radiis
633 1416 798 1476 ardentibu’
825 1417 918 1475 solem

234 1520 326 1579 vestis
345 1520 463 1593 quidem
482 1520 616 1593 exemplo
642 1553 680 1560 -
705 1536 781 1592 quae
799 1507 897 1578 tamen
917 1519 1098 1596 exsiccatur,
1129 1537 1187 1577 non
1206 1523 1237 1578 ut
1252 1517 1361 1576 ceteris

233 1606 306 1664 locis
334 1623 463 1663 umorem
497 1605 577 1679 capit
607 1639 647 1646 -
678 1604 727 1678 qui
766 1605 810 1662 sol
845 1609 958 1678 partem
987 1604 1076 1662 maris
1105 1609 1188 1662 aestu
1223 1601 1362 1662 detrahat

234 1691 412 1765 expeditur?
435 1725 476 1732 —
502 1690 648 1750 Universa
673 1707 761 1764 porro
785 1691 877 1767 ratio,
904 1709 963 1764 qua
988 1691 1101 1748 anellus
1130 1689 1168 1748 ad
1193 1690 1361 1764 Magnetem

234 1777 408 1852 propellitur
437 1780 467 1835 et
495 1795 548 1835 nos
578 1781 710 1835 meantes
736 1781 805 1835 aere
828 1792 995 1852 movemur,
1027 1780 1072 1834 est
1098 1775 1245 1834 simillima
1271 1778 1362 1850 atque

236 1864 339 1922 eodem
358 1863 420 1920 fere
437 1863 600 1922 illustratur
619 1863 768 1936 exemplo:
786 1861 827 1919 Vl
848 1862 928 1919 1032
949 1867 1001 1919 aer
1019 1861 1127 1919 ferrum

278 1947 369 2007 trudit
387 1952 417 2006 et
434 1947 559 2022 impellit
581 1948 664 2021 quasi
684 1965 815 2028 navem
840 1947 1009 2021 velaque
1035 1952 1186 2025 ventus,

235 2034 276 2091 IV
294 2035 355 2092 897
378 2033 411 2091 fit
429 2038 498 2092 altre
517 2037 546 2092 et
564 2033 593 2090 vi
611 2033 760 2110 intestina,

278 2119 409 2194 corporis
427 2124 459 2178 ut
477 2119 587 2178 navis
605 2119 703 2178 velis
723 2122 912 2192 ventoque
930 2115 1052 2176 feratur.

234 2223 298 2280 Nec
322 2240 393 2281 vero
417 2222 511 2280 minus
535 2221 724 2280 memorabile
751 2215 870 2279 videtur
891 2225 1007 2294 poetam
1026 2221 1075 2278 vel
1094 2219 1217 2278 eandem
1235 2238 1296 2278 rem
1315 2220 1361 2278 bis

235 2309 337 2367 eodem
362 2309 441 2367 illust
430 2312 509 2366 trare
535 2309 676 2381 exemplo
733 2307 826 2365 Velut·
845 2306 886 2364 Vl
913 2307 973 2364 179
998 2306 1097 2379 fulgur
1121 2324 1156 2364 eo
1183 2305 1268 2364 docet
1290 2305 1360 2362 oriri

235 2393 312 2468 quod
330 2398 400 2452 vent
401 2411 435 2452 us
388 2392 575 2452 tinvadat
592 2393 748 2452 nubemet
765 2396 899 2450 versatus
853 2391 1027 2451 tibidem
1046 2391 1208 2450 mobilitate
1228 2409 1281 2450 sua
1302 2389 1359 2448 fer-

237 2483 347 2557 vescat,
449 2479 738 2552 plumbea..
759 2477 904 2552 ,glans
931 2477 1019 2536 etiam
1043 2477 1132 2552 longo
1160 2494 1273 2535 cursu
1297 2476 1357 2534 vol-

233 2563 335 2624 venda
360 2484 496 2643 cuatlmoat,
475 2569 557 2623 tet
585 2566 672 2638 paulo
701 2568 770 2638 post
758 2564 838 2621 tVl
857 2564 977 2637 306sq.
1008 2567 1112 2622 ventus
1148 2597 1173 2603 -
1205 2562 1300 2638 inquit
1323 2594 1350 2601 -

232 2650 351 2725 igniscit
369 2651 457 2725 longo
477 2655 575 2708 meatu
594 2694 602 2708 .
623 2694 657 2708 ..

276 2752 335 2794 non
353 2735 413 2796 alia
430 2738 519 2809 longe
537 2735 650 2794 ratione
668 2753 704 2794 ac
722 2734 900 2811 plumbea
918 2751 1007 2809 saepe

277 2821 392 2880 fervida
409 2821 442 2880 lit
459 2823 570 2896 glans
589 2822 619 2879 in
638 2839 753 2880 cursu
773 2863 780 2878 .
801 2864 835 2879 ..

234 2905 271 2965 cf.
293 2911 447 2981 praeterea
472 2908 513 2966 Vl
533 2908 594 2964 160
605 2925 670 2983 sqq.
694 2907 787 2965 nubes
813 2907 926 2965 semina
943 2898 1021 2980 ignis
1041 2905 1190 2964 excutiunt
1215 2923 1268 2965 suo
1292 2923 1359 2964 con-

234 3010 329 3071 cursu,
349 3011 402 3052 ceu
421 2993 549 3068 lapidem
568 2993 592 3051 si
953 2989 954 2992 ’

276 3079 423 3153 percutiat
439 3079 515 3153 lapis
533 3084 584 3137 aut
602 3078 721 3156 ferrum,

233 3168 264 3222 et
281 3164 320 3222 VI
340 3165 401 3222 309
421 3163 513 3238 ipsius
531 3163 638 3238 plagae
656 3163 701 3222 vis
719 3163 799 3221 venti
819 3163 929 3222 excitat
946 3164 1045 3238 ignem

338 3249 401 3307 314
419 3254 451 3308 ut
469 3247 597 3324 lapidem
616 3249 695 3307 ferro
714 3266 779 3307 curn
798 3248 955 3327 caedimus,
976 3249 1073 3307 evolat
1090 3247 1177 3322 ignis.

320 3351 379 3411 Sed
397 3352 500 3411 horum
519 3351 716 3425 exemplorum
735 3368 885 3410 numerum
906 3351 1001 3426 quivis
1019 3350 1106 3410 facile
1125 3349 1257 3424 augebit.
1301 3349 1360 3407 lta·

233 3455 290 3513 que
308 3437 368 3495 iam
385 3437 474 3496 liceat
496 3436 598 3513 paucis
616 3437 757 3514 iudicare,
780 3437 851 3511 quid
870 3436 907 3495 de
930 3434 1360 3512 repetitionibusiudicandum

234 3521 304 3580 mihi
329 3522 475 3582 videatur.
521 3524 555 3581 In
584 3523 712 3581 animum
737 3540 794 3582 non
824 3540 944 3597 possum
971 3522 1110 3582 inducere
1141 3540 1192 3581 eas
1221 3520 1361 3580 fefellisse

232 3612 361 3682 poetam.
406 3609 496 3667 Immo
523 3610 562 3668 Vl
582 3609 642 3668 936
658 3627 723 3684 sqq
749 3607 779 3666 in
805 3607 990 3682 expedienda
1020 3608 1049 3666 vi
1074 3607 1220 3704 Magnetis
1251 3607 1361 3665 diserte

234 3691 351 3770 „nunc“
382 3694 477 3768 iuquit
507 3694 631 3793 „omnis
644 3698 777 3768 repetam
806 3711 893 3767 quarn
911 3711 979 3752 raro
998 3710 1121 3767 corpore
1140 3692 1199 3749 sint
1217 3709 1265 3750 res
1284 3709 1359 3749 com-

232 3796 412 3858 memorare,
442 3779 546 3854 quod
538 3799 567 3838 in
586 3779 680 3854 primo
704 3794 820 3853 quoque
847 3779 976 3836 carmine
1003 3775 1133 3855 claret‘,
1158 3776 1264 3836 deiude
1287 3775 1361 3834 haec

233 3869 353 3923 enarrat
370 3866 513 3944 exempla,
535 3864 666 3939 quibus
658 3882 688 3920 ιιι
706 3864 726 3922 l.
745 3864 759 3921 l
777 3881 847 3922 usus
866 3868 926 3922 est.

276 3967 337 4025 942
527 3967 632 4026 fitut
595 3971 655 4025 t1n
678 3967 824 4038 speluncis
846 3984 919 4026 saxa
936 3983 1063 4041 superne

357 4053 463 4122 sudent
480 4070 580 4112 umore
599 4057 628 4111 et
645 4051 735 4125 guttis
753 4051 933 4111 manantibu'
953 4052 1064 4112 stillent

231 4140 244 4197 l
275 4140 336 4197 348
355 4139 386 4198 in
410 4139 489 4198 saxis
514 4157 549 4198 ac
574 4136 720 4214 speluncis
737 4142 892 4211 permanat
908 4157 1049 4212 aquarum

356 4223 485 4298 liquidus
503 4243 586 4284 umor
605 4228 634 4283 et
652 4222 791 4281 uberibus
808 4223 878 4282 flent
896 4225 993 4282 omnia
1015 4223 1116 4301 guttis,

233 4311 305 4369 946.
320 4312 337 4369 7
357 4311 467 4369 diditur
483 4311 514 4367 in
532 4327 623 4369 venas
642 4308 724 4366 cibus
742 4308 846 4387 omnis,
873 4315 970 4388 auget,
995 4310 1105 4384 alitque

358 4395 489 4470 corporis
507 4400 654 4456 extremas
674 4412 790 4470 quoque
808 4395 901 4469 partis
922 4396 1152 4470 unguiculosque
