<?xml version="1.0" encoding="UTF-8"?>
<!DOCTYPE html PUBLIC "-//W3C//DTD XHTML 1.0 Transitional//EN"
    "http://www.w3.org/TR/xhtml1/DTD/xhtml1-transitional.dtd">
<html xmlns="http://www.w3.org/1999/xhtml" xml:lang="en" lang="en">
 <head>
  <title>
</title>
<meta http-equiv="Content-Type" content="text/html;charset=utf-8" />
  <meta name='ocr-system' content='tesseract 3.04.00' />
  <meta name='ocr-capabilities' content='ocr_page ocr_carea ocr_par ocr_line ocrx_word'/>
</head>
<body>
  <div class='ocr_page' id='page_1' title='image "./quaestionumlucr00lohmgoog_0039.png"; bbox 0 0 3380 5306; ppageno 0'>
   <div class='ocr_carea' id='block_1_1' title="bbox 828 417 1002 526">
    <p class='ocr_par' dir='ltr' id='par_1_1' title="bbox 828 417 1002 526">
     <span class='ocr_line' id='line_1_1' title="bbox 828 417 1002 526; baseline -0.011 0"><span class='ocrx_word' id='word_1_1' title='bbox 828 417 1002 526; x_wconf 43' lang='lat'>234-</span> 
     </span>
    </p>
   </div>
   <div class='ocr_carea' id='block_1_2' title="bbox 323 640 1482 3967">
    <p class='ocr_par' dir='ltr' id='par_1_2' title="bbox 323 640 1482 3967">
     <span class='ocr_line' id='line_1_2' title="bbox 357 640 1481 719; baseline -0.004 -17"><span class='ocrx_word' id='word_1_2' title='bbox 357 641 436 718; x_wconf 90' lang='lat' dir='ltr'>quod</span> <span class='ocrx_word' id='word_1_3' title='bbox 447 641 503 702; x_wconf 81' lang='lat' dir='ltr'>Gn.</span> <span class='ocrx_word' id='word_1_4' title='bbox 523 641 635 701; x_wconf 93' lang='lat' dir='ltr'>monuit</span> <span class='ocrx_word' id='word_1_5' title='bbox 652 659 709 719; x_wconf 81' lang='lat'>-3</span> <span class='ocrx_word' id='word_1_6' title='bbox 727 659 757 699; x_wconf 87' lang='grc'>1.</span> <span class='ocrx_word' id='word_1_7' title='bbox 773 641 836 698; x_wconf 86' lang='grc'>428</span> <span class='ocrx_word' id='word_1_8' title='bbox 855 640 1320 718; x_wconf 83' lang='lat' dir='ltr'>qnoque„omnegen1iacoetus</span> <span class='ocrx_word' id='word_1_9' title='bbox 1338 681 1346 698; x_wconf 90' lang='lat'><em>.</em></span> <span class='ocrx_word' id='word_1_10' title='bbox 1367 681 1374 696; x_wconf 90' lang='lat'><strong>.</strong></span> <span class='ocrx_word' id='word_1_11' title='bbox 1393 655 1481 713; x_wconf 90' lang='lat' dir='ltr'>expe-</span> 
     </span>
     <span class='ocr_line' id='line_1_3' title="bbox 356 724 1481 804; baseline -0.004 -16"><span class='ocrx_word' id='word_1_12' title='bbox 356 727 481 788; x_wconf 73' lang='grc' dir='ltr'>11111110ιι</span> <span class='ocrx_word' id='word_1_13' title='bbox 505 729 611 786; x_wconf 90' lang='lat' dir='ltr'>abesse</span> <span class='ocrx_word' id='word_1_14' title='bbox 635 727 747 804; x_wconf 84' lang='lat' dir='ltr'>possit,</span> <span class='ocrx_word' id='word_1_15' title='bbox 773 743 839 786; x_wconf 86' lang='lat' dir='ltr'>cunr</span> <span class='ocrx_word' id='word_1_16' title='bbox 866 724 929 784; x_wconf 86' lang='lat' dir='ltr'>fere</span> <span class='ocrx_word' id='word_1_17' title='bbox 954 725 1033 784; x_wconf 89' lang='lat' dir='ltr'>idem</span> <span class='ocrx_word' id='word_1_18' title='bbox 1057 725 1213 784; x_wconf 77' lang='lat' dir='ltr'>antecedat</span> <span class='ocrx_word' id='word_1_19' title='bbox 1234 725 1265 782; x_wconf 93' lang='lat' dir='ltr'>in</span> <span class='ocrx_word' id='word_1_20' title='bbox 1286 742 1335 782; x_wconf 86' lang='lat' dir='ltr'>vv.</span> <span class='ocrx_word' id='word_1_21' title='bbox 1354 724 1417 782; x_wconf 86' lang='grc'>425</span> <span class='ocrx_word' id='word_1_22' title='bbox 1436 741 1481 800; x_wconf 89' lang='lat' dir='ltr'>sq.</span> 
     </span>
     <span class='ocr_line' id='line_1_4' title="bbox 357 809 1481 892; baseline -0.003 -20"><span class='ocrx_word' id='word_1_23' title='bbox 357 813 538 892; x_wconf 89' lang='lat' dir='ltr'>„primordia</span> <span class='ocrx_word' id='word_1_24' title='bbox 561 817 738 872; x_wconf 88' lang='lat' dir='ltr'>consuerunt</span> <span class='ocrx_word' id='word_1_25' title='bbox 755 811 930 872; x_wconf 81' lang='lat' dir='ltr'>omnimodis</span> <span class='ocrx_word' id='word_1_26' title='bbox 948 812 1027 870; x_wconf 89' lang='lat' dir='ltr'>coire</span> <span class='ocrx_word' id='word_1_27' title='bbox 1049 815 1139 884; x_wconf 87' lang='lat' dir='ltr'>atque</span> <span class='ocrx_word' id='word_1_28' title='bbox 1164 809 1289 869; x_wconf 91' lang='lat' dir='ltr'>omnia</span> <span class='ocrx_word' id='word_1_29' title='bbox 1315 816 1481 884; x_wconf 86' lang='lat' dir='ltr'>pertem-</span> 
     </span>
     <span class='ocr_line' id='line_1_5' title="bbox 356 891 1482 977; baseline -0.002 -20"><span class='ocrx_word' id='word_1_30' title='bbox 356 903 473 977; x_wconf 86' lang='lat' dir='ltr'>ptare,</span> <span class='ocrx_word' id='word_1_31' title='bbox 487 916 688 973; x_wconf 88' lang='lat' dir='ltr'>quaecumque</span> <span class='ocrx_word' id='word_1_32' title='bbox 699 897 776 958; x_wconf 91' lang='lat' dir='ltr'>inter</span> <span class='ocrx_word' id='word_1_33' title='bbox 787 915 819 956; x_wconf 91' lang='lat' dir='ltr'>sc</span> <span class='ocrx_word' id='word_1_34' title='bbox 832 914 992 971; x_wconf 89' lang='lat' dir='ltr'>congressa</span> <span class='ocrx_word' id='word_1_35' title='bbox 1004 913 1106 955; x_wconf 87' lang='lat' dir='ltr'>creare</span> <span class='ocrx_word' id='word_1_36' title='bbox 1117 891 1270 970; x_wconf 87' lang='lat' dir='ltr'>possent“.</span> <span class='ocrx_word' id='word_1_37' title='bbox 1290 894 1350 955; x_wconf 83' lang='lat' dir='ltr'>Sed</span> <span class='ocrx_word' id='word_1_38' title='bbox 1360 899 1482 971; x_wconf 89' lang='lat' dir='ltr'>propter</span> 
     </span>
     <span class='ocr_line' id='line_1_6' title="bbox 356 976 1481 1063; baseline -0.002 -20"><span class='ocrx_word' id='word_1_39' title='bbox 356 985 411 1044; x_wconf 89' lang='lat' dir='ltr'>has</span> <span class='ocrx_word' id='word_1_40' title='bbox 435 1002 483 1044; x_wconf 88' lang='lat' dir='ltr'>res</span> <span class='ocrx_word' id='word_1_41' title='bbox 507 1002 592 1044; x_wconf 92' lang='lat' dir='ltr'>nemo</span> <span class='ocrx_word' id='word_1_42' title='bbox 617 984 684 1044; x_wconf 87' lang='lat' dir='ltr'>illos</span> <span class='ocrx_word' id='word_1_43' title='bbox 707 1003 755 1042; x_wconf 91' lang='lat' dir='ltr'>vv.</span> <span class='ocrx_word' id='word_1_44' title='bbox 776 1001 829 1058; x_wconf 89' lang='lat' dir='ltr'>pro</span> <span class='ocrx_word' id='word_1_45' title='bbox 848 982 956 1057; x_wconf 90' lang='lat' dir='ltr'>spuriis</span> <span class='ocrx_word' id='word_1_46' title='bbox 974 980 1096 1042; x_wconf 88' lang='lat' dir='ltr'>habebit</span> <span class='ocrx_word' id='word_1_47' title='bbox 1107 976 1138 1063; x_wconf 84' lang='lat'>¹).</span> <span class='ocrx_word' id='word_1_48' title='bbox 1183 979 1296 1053; x_wconf 78' lang='lat' dir='ltr'>Quodsi</span> <span class='ocrx_word' id='word_1_49' title='bbox 1314 981 1371 1040; x_wconf 83' lang='lat' dir='ltr'>Gn.</span> <span class='ocrx_word' id='word_1_50' title='bbox 1390 983 1481 1057; x_wconf 89' lang='lat' dir='ltr'>parti·</span> 
     </span>
     <span class='ocr_line' id='line_1_7' title="bbox 356 1066 1482 1147; baseline -0.002 -18"><span class='ocrx_word' id='word_1_51' title='bbox 356 1072 453 1129; x_wconf 90' lang='lat' dir='ltr'>culam</span> <span class='ocrx_word' id='word_1_52' title='bbox 478 1066 579 1147; x_wconf 85' lang='lat' dir='ltr'>„tum“</span> <span class='ocrx_word' id='word_1_53' title='bbox 604 1070 666 1127; x_wconf 88' lang='grc'>432</span> <span class='ocrx_word' id='word_1_54' title='bbox 693 1068 844 1130; x_wconf 89' lang='lat' dir='ltr'>contendit</span> <span class='ocrx_word' id='word_1_55' title='bbox 870 1073 1007 1143; x_wconf 91' lang='lat' dir='ltr'>spectare</span> <span class='ocrx_word' id='word_1_56' title='bbox 1032 1068 1071 1127; x_wconf 89' lang='lat' dir='ltr'>ad</span> <span class='ocrx_word' id='word_1_57' title='bbox 1097 1070 1222 1143; x_wconf 84' lang='lat' dir='ltr'>tempus,</span> <span class='ocrx_word' id='word_1_58' title='bbox 1249 1084 1307 1142; x_wconf 92' lang='lat' dir='ltr'>quo</span> <span class='ocrx_word' id='word_1_59' title='bbox 1333 1067 1482 1127; x_wconf 89' lang='lat' dir='ltr'>coniectus</span> 
     </span>
     <span class='ocr_line' id='line_1_8' title="bbox 355 1152 1482 1215; baseline -0.001 -1"><span class='ocrx_word' id='word_1_60' title='bbox 355 1157 498 1214; x_wconf 89' lang='lat' dir='ltr'>materiae</span> <span class='ocrx_word' id='word_1_61' title='bbox 523 1159 632 1214; x_wconf 89' lang='lat' dir='ltr'>terram</span> <span class='ocrx_word' id='word_1_62' title='bbox 656 1156 769 1215; x_wconf 90' lang='lat' dir='ltr'>caelum</span> <span class='ocrx_word' id='word_1_63' title='bbox 796 1159 864 1214; x_wconf 92' lang='lat' dir='ltr'>cett.</span> <span class='ocrx_word' id='word_1_64' title='bbox 889 1153 1020 1212; x_wconf 85' lang='lat' dir='ltr'>fundarit</span> <span class='ocrx_word' id='word_1_65' title='bbox 1044 1153 1064 1212; x_wconf 93' lang='lat' dir='ltr'>i.</span> <span class='ocrx_word' id='word_1_66' title='bbox 1084 1170 1110 1212; x_wconf 91' lang='lat' dir='ltr'>e.</span> <span class='ocrx_word' id='word_1_67' title='bbox 1134 1152 1173 1212; x_wconf 89' lang='lat' dir='ltr'>ad</span> <span class='ocrx_word' id='word_1_68' title='bbox 1198 1170 1247 1210; x_wconf 87' lang='lat' dir='ltr'>vv.</span> <span class='ocrx_word' id='word_1_69' title='bbox 1265 1152 1430 1212; x_wconf 79' lang='lat'>416-18:</span> <span class='ocrx_word' id='word_1_70' title='bbox 1455 1153 1482 1213; x_wconf 92' lang='lat' dir='ltr'>ei</span> 
     </span>
     <span class='ocr_line' id='line_1_9' title="bbox 355 1236 1482 1319; baseline -0.003 -18"><span class='ocrx_word' id='word_1_71' title='bbox 355 1241 508 1319; x_wconf 88' lang='lat' dir='ltr'>assentior,</span> <span class='ocrx_word' id='word_1_72' title='bbox 535 1242 602 1299; x_wconf 91' lang='lat' dir='ltr'>dum</span> <span class='ocrx_word' id='word_1_73' title='bbox 628 1258 666 1300; x_wconf 91' lang='lat' dir='ltr'>ne</span> <span class='ocrx_word' id='word_1_74' title='bbox 690 1240 760 1300; x_wconf 92' lang='lat' dir='ltr'>inde</span> <span class='ocrx_word' id='word_1_75' title='bbox 780 1239 968 1299; x_wconf 77' lang='lat' dir='ltr'>concluderet</span> <span class='ocrx_word' id='word_1_76' title='bbox 985 1255 1098 1316; x_wconf 85' lang='lat' dir='ltr'>versus,</span> <span class='ocrx_word' id='word_1_77' title='bbox 1118 1238 1167 1312; x_wconf 93' lang='lat' dir='ltr'>qui</span> <span class='ocrx_word' id='word_1_78' title='bbox 1186 1237 1264 1296; x_wconf 89' lang='lat' dir='ltr'>inter</span> <span class='ocrx_word' id='word_1_79' title='bbox 1281 1236 1335 1298; x_wconf 89' lang='lat' dir='ltr'>hos</span> <span class='ocrx_word' id='word_1_80' title='bbox 1354 1242 1384 1298; x_wconf 86' lang='lat' dir='ltr'>ct</span> <span class='ocrx_word' id='word_1_81' title='bbox 1400 1239 1482 1298; x_wconf 90' lang='lat' dir='ltr'>illurn</span> 
     </span>
     <span class='ocr_line' id='line_1_10' title="bbox 356 1321 1481 1408; baseline -0.003 -22"><span class='ocrx_word' id='word_1_82' title='bbox 356 1328 502 1386; x_wconf 83' lang='lat' dir='ltr'>intersunt</span> <span class='ocrx_word' id='word_1_83' title='bbox 513 1321 699 1408; x_wconf 81' lang='grc'><strong>(419-31),</strong></span> <span class='ocrx_word' id='word_1_84' title='bbox 720 1325 861 1386; x_wconf 86' lang='lat' dir='ltr'>delendos</span> <span class='ocrx_word' id='word_1_85' title='bbox 879 1342 955 1384; x_wconf 89' lang='lat' dir='ltr'>esse.</span> <span class='ocrx_word' id='word_1_86' title='bbox 984 1325 1062 1384; x_wconf 89' lang='lat' dir='ltr'>Nam</span> <span class='ocrx_word' id='word_1_87' title='bbox 1079 1324 1109 1382; x_wconf 94' lang='lat' dir='ltr'>in</span> <span class='ocrx_word' id='word_1_88' title='bbox 1128 1328 1297 1383; x_wconf 84' lang='lat' dir='ltr'>transcursu</span> <span class='ocrx_word' id='word_1_89' title='bbox 1313 1324 1398 1397; x_wconf 90' lang='lat' dir='ltr'>quasi</span> <span class='ocrx_word' id='word_1_90' title='bbox 1413 1341 1481 1384; x_wconf 91' lang='lat' dir='ltr'>con-</span> 
     </span>
     <span class='ocr_line' id='line_1_11' title="bbox 355 1409 1481 1487; baseline -0.004 -15"><span class='ocrx_word' id='word_1_91' title='bbox 355 1411 471 1472; x_wconf 87' lang='lat' dir='ltr'>firmant</span> <span class='ocrx_word' id='word_1_92' title='bbox 488 1429 593 1472; x_wconf 88' lang='lat' dir='ltr'>revera</span> <span class='ocrx_word' id='word_1_93' title='bbox 611 1413 776 1471; x_wconf 86' lang='lat' dir='ltr'>coniectum</span> <span class='ocrx_word' id='word_1_94' title='bbox 794 1411 933 1470; x_wconf 89' lang='lat' dir='ltr'>materiae</span> <span class='ocrx_word' id='word_1_95' title='bbox 951 1427 1000 1469; x_wconf 86' lang='lat' dir='ltr'>res</span> <span class='ocrx_word' id='word_1_96' title='bbox 1012 1426 1139 1487; x_wconf 79' lang='lat' dir='ltr'>creasse,</span> <span class='ocrx_word' id='word_1_97' title='bbox 1158 1414 1191 1469; x_wconf 92' lang='lat' dir='ltr'>ut</span> <span class='ocrx_word' id='word_1_98' title='bbox 1208 1409 1251 1467; x_wconf 94' lang='lat' dir='ltr'>illi</span> <span class='ocrx_word' id='word_1_99' title='bbox 1269 1409 1406 1469; x_wconf 88' lang='lat' dir='ltr'>relationi</span> <span class='ocrx_word' id='word_1_100' title='bbox 1422 1428 1481 1469; x_wconf 92' lang='lat' dir='ltr'>non</span> 
     </span>
     <span class='ocr_line' id='line_1_12' title="bbox 356 1495 1481 1573; baseline -0.001 -17"><span class='ocrx_word' id='word_1_101' title='bbox 356 1497 497 1557; x_wconf 86' lang='lat' dir='ltr'>officiant.</span> <span class='ocrx_word' id='word_1_102' title='bbox 548 1498 640 1556; x_wconf 90' lang='lat' dir='ltr'>Immo</span> <span class='ocrx_word' id='word_1_103' title='bbox 670 1498 696 1556; x_wconf 95' lang='lat' dir='ltr'>si</span> <span class='ocrx_word' id='word_1_104' title='bbox 721 1517 748 1555; x_wconf 89' lang='lat' dir='ltr'>v.</span> <span class='ocrx_word' id='word_1_105' title='bbox 774 1498 836 1554; x_wconf 89' lang='grc'>432</span> <span class='ocrx_word' id='word_1_106' title='bbox 863 1497 1013 1572; x_wconf 84' lang='lat' dir='ltr'>exciperet</span> <span class='ocrx_word' id='word_1_107' title='bbox 1034 1512 1152 1554; x_wconf 89' lang='lat' dir='ltr'>versum</span> <span class='ocrx_word' id='word_1_108' title='bbox 1177 1495 1256 1573; x_wconf 84' lang='grc'><strong>418,</strong></span> <span class='ocrx_word' id='word_1_109' title='bbox 1283 1512 1341 1552; x_wconf 89' lang='grc'>101</span> <span class='ocrx_word' id='word_1_110' title='bbox 1365 1495 1481 1570; x_wconf 90' lang='lat' dir='ltr'>singula</span> 
     </span>
     <span class='ocr_line' id='line_1_13' title="bbox 355 1581 1481 1657; baseline -0.002 -15"><span class='ocrx_word' id='word_1_111' title='bbox 355 1584 473 1644; x_wconf 88' lang='lat' dir='ltr'>nomina</span> <span class='ocrx_word' id='word_1_112' title='bbox 490 1585 534 1648; x_wconf 90' lang='lat' dir='ltr'>ita</span> <span class='ocrx_word' id='word_1_113' title='bbox 550 1582 771 1657; x_wconf 85' lang='lat' dir='ltr'>repeterentur:</span> <span class='ocrx_word' id='word_1_114' title='bbox 792 1599 936 1657; x_wconf 87' lang='lat' dir='ltr'>exponam</span> <span class='ocrx_word' id='word_1_115' title='bbox 955 1582 1060 1656; x_wconf 90' lang='lat' dir='ltr'>quibus</span> <span class='ocrx_word' id='word_1_116' title='bbox 1072 1581 1168 1640; x_wconf 86' lang='lat' dir='ltr'>modis</span> <span class='ocrx_word' id='word_1_117' title='bbox 1180 1581 1329 1640; x_wconf 90' lang='lat' dir='ltr'>coniectus</span> <span class='ocrx_word' id='word_1_118' title='bbox 1340 1582 1481 1641; x_wconf 89' lang='lat' dir='ltr'>materiae</span> 
     </span>
     <span class='ocr_line' id='line_1_14' title="bbox 355 1664 1481 1743; baseline -0.001 -17"><span class='ocrx_word' id='word_1_119' title='bbox 355 1668 487 1728; x_wconf 87' lang='lat' dir='ltr'>fundarit</span> <span class='ocrx_word' id='word_1_120' title='bbox 509 1672 655 1728; x_wconf 91' lang='lat' dir='ltr'>terram</span> <span class='ocrx_word' id='word_1_121' title='bbox 678 1672 707 1727; x_wconf 90' lang='lat' dir='ltr'>et</span> <span class='ocrx_word' id='word_1_122' title='bbox 730 1668 875 1727; x_wconf 89' lang='lat' dir='ltr'>caelum</span> <span class='ocrx_word' id='word_1_123' title='bbox 901 1667 1088 1742; x_wconf 90' lang='lat' dir='ltr'>pontique</span> <span class='ocrx_word' id='word_1_124' title='bbox 1105 1664 1261 1743; x_wconf 83' lang='lat' dir='ltr'>profunde,</span> <span class='ocrx_word' id='word_1_125' title='bbox 1285 1666 1383 1727; x_wconf 91' lang='lat' dir='ltr'>solis</span> <span class='ocrx_word' id='word_1_126' title='bbox 1400 1668 1481 1726; x_wconf 91' lang='lat' dir='ltr'>lunai</span> 
     </span>
     <span class='ocr_line' id='line_1_15' title="bbox 357 1752 1480 1828; baseline 0 -16"><span class='ocrx_word' id='word_1_127' title='bbox 357 1772 468 1814; x_wconf 91' lang='lat' dir='ltr'>cursus.</span> <span class='ocrx_word' id='word_1_128' title='bbox 519 1754 576 1812; x_wconf 90' lang='lat' dir='ltr'>Hic</span> <span class='ocrx_word' id='word_1_129' title='bbox 600 1771 696 1827; x_wconf 91' lang='lat' dir='ltr'>neque</span> <span class='ocrx_word' id='word_1_130' title='bbox 718 1758 780 1811; x_wconf 91' lang='lat' dir='ltr'>turn</span> <span class='ocrx_word' id='word_1_131' title='bbox 807 1753 906 1813; x_wconf 90' lang='lat' dir='ltr'>solis</span> <span class='ocrx_word' id='word_1_132' title='bbox 931 1757 997 1813; x_wconf 94' lang='lat' dir='ltr'>rota</span> <span class='ocrx_word' id='word_1_133' title='bbox 1016 1752 1096 1812; x_wconf 87' lang='lat' dir='ltr'>cerni</span> <span class='ocrx_word' id='word_1_134' title='bbox 1116 1795 1123 1811; x_wconf 94' lang='lat'><strong>.</strong></span> <span class='ocrx_word' id='word_1_135' title='bbox 1143 1795 1152 1810; x_wconf 93' lang='lat'>.</span> <span class='ocrx_word' id='word_1_136' title='bbox 1169 1756 1288 1826; x_wconf 89' lang='lat' dir='ltr'>poterat</span> <span class='ocrx_word' id='word_1_137' title='bbox 1309 1769 1364 1811; x_wconf 85' lang='lat' dir='ltr'>nec</span> <span class='ocrx_word' id='word_1_138' title='bbox 1381 1754 1480 1828; x_wconf 87' lang='lat' dir='ltr'>magni</span> 
     </span>
     <span class='ocr_line' id='line_1_16' title="bbox 355 1834 1481 1916; baseline 0 -18"><span class='ocrx_word' id='word_1_139' title='bbox 355 1840 455 1899; x_wconf 92' lang='lat' dir='ltr'>sidera</span> <span class='ocrx_word' id='word_1_140' title='bbox 471 1838 572 1897; x_wconf 92' lang='lat' dir='ltr'>mundi</span> <span class='ocrx_word' id='word_1_141' title='bbox 590 1856 645 1898; x_wconf 90' lang='lat' dir='ltr'>nec</span> <span class='ocrx_word' id='word_1_142' title='bbox 663 1857 764 1898; x_wconf 91' lang='lat' dir='ltr'>mare</span> <span class='ocrx_word' id='word_1_143' title='bbox 781 1856 837 1897; x_wconf 92' lang='lat' dir='ltr'>nec</span> <span class='ocrx_word' id='word_1_144' title='bbox 855 1839 999 1897; x_wconf 88' lang='lat' dir='ltr'>caelum</span> <span class='ocrx_word' id='word_1_145' title='bbox 1016 1855 1071 1897; x_wconf 87' lang='lat' dir='ltr'>nec</span> <span class='ocrx_word' id='word_1_146' title='bbox 1090 1836 1217 1911; x_wconf 86' lang='lat' dir='ltr'>denique</span> <span class='ocrx_word' id='word_1_147' title='bbox 1235 1840 1315 1896; x_wconf 91' lang='lat' dir='ltr'>terra</span> <span class='ocrx_word' id='word_1_148' title='bbox 1334 1882 1341 1896; x_wconf 89' lang='lat'><strong>.</strong></span> <span class='ocrx_word' id='word_1_149' title='bbox 1361 1834 1400 1916; x_wconf 84' lang='lat'>.“,</span> <span class='ocrx_word' id='word_1_150' title='bbox 1428 1840 1481 1898; x_wconf 86' lang='lat' dir='ltr'>sed</span> 
     </span>
     <span class='ocr_line' id='line_1_17' title="bbox 356 1921 1481 2001; baseline -0.001 -17"><span class='ocrx_word' id='word_1_151' title='bbox 356 1945 384 1984; x_wconf 90' lang='lat' dir='ltr'>v.</span> <span class='ocrx_word' id='word_1_152' title='bbox 404 1926 466 1982; x_wconf 88' lang='grc'>432</span> <span class='ocrx_word' id='word_1_153' title='bbox 485 1925 579 1984; x_wconf 87' lang='grc'><strong>010110</strong></span> <span class='ocrx_word' id='word_1_154' title='bbox 596 1925 626 1982; x_wconf 90' lang='grc'>11</span> <span class='ocrx_word' id='word_1_155' title='bbox 644 1922 721 1994; x_wconf 88' lang='lat' dir='ltr'>hunc</span> <span class='ocrx_word' id='word_1_156' title='bbox 739 1921 802 1984; x_wconf 86' lang='lat' dir='ltr'>fere</span> <span class='ocrx_word' id='word_1_157' title='bbox 820 1924 936 1984; x_wconf 90' lang='lat' dir='ltr'>modum</span> <span class='ocrx_word' id='word_1_158' title='bbox 959 1923 1126 1983; x_wconf 89' lang='lat' dir='ltr'>continuata</span> <span class='ocrx_word' id='word_1_159' title='bbox 1147 1927 1238 1982; x_wconf 89' lang='lat' dir='ltr'>esset:</span> <span class='ocrx_word' id='word_1_160' title='bbox 1258 1923 1422 2001; x_wconf 90' lang='lat' dir='ltr'>„principio</span> <span class='ocrx_word' id='word_1_161' title='bbox 1440 1925 1481 1983; x_wconf 95' lang='lat' dir='ltr'>nil</span> 
     </span>
     <span class='ocr_line' id='line_1_18' title="bbox 356 2007 1481 2088; baseline 0 -19"><span class='ocrx_word' id='word_1_162' title='bbox 356 2011 481 2070; x_wconf 92' lang='lat' dir='ltr'>horum</span> <span class='ocrx_word' id='word_1_163' title='bbox 507 2010 589 2070; x_wconf 88' lang='lat' dir='ltr'>cerni</span> <span class='ocrx_word' id='word_1_164' title='bbox 613 2014 746 2088; x_wconf 89' lang='lat' dir='ltr'>poterat,</span> <span class='ocrx_word' id='word_1_165' title='bbox 775 2009 827 2069; x_wconf 89' lang='lat' dir='ltr'>sed</span> <span class='ocrx_word' id='word_1_166' title='bbox 852 2007 1014 2084; x_wconf 89' lang='lat' dir='ltr'>primordia</span> <span class='ocrx_word' id='word_1_167' title='bbox 1038 2007 1241 2068; x_wconf 88' lang='lat' dir='ltr'>tantummodo</span> <span class='ocrx_word' id='word_1_168' title='bbox 1270 2011 1428 2071; x_wconf 85' lang='lat' dir='ltr'>exstabant</span> <span class='ocrx_word' id='word_1_169' title='bbox 1452 2014 1481 2069; x_wconf 92' lang='lat' dir='ltr'>et</span> 
     </span>
     <span class='ocr_line' id='line_1_19' title="bbox 355 2092 1481 2170; baseline 0.001 -16"><span class='ocrx_word' id='word_1_170' title='bbox 355 2092 474 2155; x_wconf 85' lang='lat' dir='ltr'>inane“.</span> <span class='ocrx_word' id='word_1_171' title='bbox 490 2131 525 2136; x_wconf 80' lang='lat'>-</span> <span class='ocrx_word' id='word_1_172' title='bbox 541 2095 614 2154; x_wconf 84' lang='lat' dir='ltr'>Sunt</span> <span class='ocrx_word' id='word_1_173' title='bbox 630 2095 720 2170; x_wconf 86' lang='lat' dir='ltr'>igitur</span> <span class='ocrx_word' id='word_1_174' title='bbox 736 2095 780 2153; x_wconf 92' lang='lat' dir='ltr'>illi</span> <span class='ocrx_word' id='word_1_175' title='bbox 797 2111 845 2154; x_wconf 88' lang='lat' dir='ltr'>vv.</span> <span class='ocrx_word' id='word_1_176' title='bbox 862 2096 991 2170; x_wconf 89' lang='lat' dir='ltr'>genuini.</span> <span class='ocrx_word' id='word_1_177' title='bbox 1016 2094 1075 2154; x_wconf 83' lang='lat' dir='ltr'>Sed</span> <span class='ocrx_word' id='word_1_178' title='bbox 1094 2097 1178 2153; x_wconf 88' lang='lat' dir='ltr'>estne</span> <span class='ocrx_word' id='word_1_179' title='bbox 1194 2097 1256 2153; x_wconf 89' lang='lat' dir='ltr'>tota</span> <span class='ocrx_word' id='word_1_180' title='bbox 1273 2094 1347 2153; x_wconf 88' lang='lat' dir='ltr'>haec</span> <span class='ocrx_word' id='word_1_181' title='bbox 1364 2113 1433 2169; x_wconf 90' lang='lat' dir='ltr'>pars</span> <span class='ocrx_word' id='word_1_182' title='bbox 1444 2113 1481 2155; x_wconf 88' lang='lat' dir='ltr'>cx</span> 
     </span>
     <span class='ocr_line' id='line_1_20' title="bbox 323 2180 1481 2259; baseline 0 -19"><span class='ocrx_word' id='word_1_183' title='bbox 323 2209 325 2214; x_wconf 35' lang='lat' dir='ltr'>v</span> <span class='ocrx_word' id='word_1_184' title='bbox 355 2181 502 2256; x_wconf 88' lang='lat' dir='ltr'>prioribus</span> <span class='ocrx_word' id='word_1_185' title='bbox 530 2181 655 2240; x_wconf 91' lang='lat' dir='ltr'>collecta</span> <span class='ocrx_word' id='word_1_186' title='bbox 684 2185 713 2239; x_wconf 91' lang='lat' dir='ltr'>et</span> <span class='ocrx_word' id='word_1_187' title='bbox 742 2181 827 2256; x_wconf 91' lang='lat' dir='ltr'>quasi</span> <span class='ocrx_word' id='word_1_188' title='bbox 852 2180 1064 2259; x_wconf 84' lang='lat' dir='ltr'>consarcinata,</span> <span class='ocrx_word' id='word_1_189' title='bbox 1095 2198 1133 2238; x_wconf 92' lang='lat' dir='ltr'>an</span> <span class='ocrx_word' id='word_1_190' title='bbox 1157 2183 1225 2238; x_wconf 90' lang='lat' dir='ltr'>sunt</span> <span class='ocrx_word' id='word_1_191' title='bbox 1249 2180 1384 2254; x_wconf 90' lang='lat' dir='ltr'>singulae</span> <span class='ocrx_word' id='word_1_192' title='bbox 1412 2181 1481 2240; x_wconf 88' lang='lat' dir='ltr'>illae</span> 
     </span>
     <span class='ocr_line' id='line_1_21' title="bbox 355 2265 1478 2342; baseline -0.001 -16"><span class='ocrx_word' id='word_1_193' title='bbox 355 2266 518 2342; x_wconf 80' lang='lat' dir='ltr'>particulae</span> <span class='ocrx_word' id='word_1_194' title='bbox 547 2283 584 2324; x_wconf 85' lang='lat' dir='ltr'>ex</span> <span class='ocrx_word' id='word_1_195' title='bbox 612 2265 669 2325; x_wconf 90' lang='lat' dir='ltr'>hac</span> <span class='ocrx_word' id='word_1_196' title='bbox 698 2267 876 2340; x_wconf 75' lang='lat' dir='ltr'>excerptae?</span> <span class='ocrx_word' id='word_1_197' title='bbox 910 2267 963 2326; x_wconf 85' lang='lat' dir='ltr'>Vv.</span> <span class='ocrx_word' id='word_1_198' title='bbox 995 2267 1020 2325; x_wconf 91' lang='lat' dir='ltr'><strong>V</strong></span> <span class='ocrx_word' id='word_1_199' title='bbox 1045 2265 1192 2322; x_wconf 87' lang='grc'>422-26</span> <span class='ocrx_word' id='word_1_200' title='bbox 1222 2269 1253 2324; x_wconf 89' lang='grc'>01</span> <span class='ocrx_word' id='word_1_201' title='bbox 1282 2266 1307 2324; x_wconf 92' lang='lat' dir='ltr'>V</span> <span class='ocrx_word' id='word_1_202' title='bbox 1332 2267 1478 2326; x_wconf 87' lang='grc'><strong>429-31</strong></span> 
     </span>
     <span class='ocr_line' id='line_1_22' title="bbox 355 2349 1481 2428; baseline 0.002 -18"><span class='ocrx_word' id='word_1_203' title='bbox 355 2353 385 2410; x_wconf 92' lang='lat' dir='ltr'>h.</span> <span class='ocrx_word' id='word_1_204' title='bbox 410 2353 430 2410; x_wconf 91' lang='lat' dir='ltr'>l.</span> <span class='ocrx_word' id='word_1_205' title='bbox 460 2352 492 2410; x_wconf 92' lang='lat' dir='ltr'>in</span> <span class='ocrx_word' id='word_1_206' title='bbox 519 2349 658 2412; x_wconf 82' lang='lat' dir='ltr'>inferiore</span> <span class='ocrx_word' id='word_1_207' title='bbox 687 2351 804 2424; x_wconf 85' lang='lat' dir='ltr'>quidem</span> <span class='ocrx_word' id='word_1_208' title='bbox 835 2357 919 2426; x_wconf 89' lang='lat' dir='ltr'>parte</span> <span class='ocrx_word' id='word_1_209' title='bbox 948 2350 1086 2410; x_wconf 82' lang='lat' dir='ltr'>carminis</span> <span class='ocrx_word' id='word_1_210' title='bbox 1114 2355 1190 2428; x_wconf 89' lang='lat' dir='ltr'>snut,</span> <span class='ocrx_word' id='word_1_211' title='bbox 1220 2351 1273 2410; x_wconf 86' lang='lat' dir='ltr'>ssd</span> <span class='ocrx_word' id='word_1_212' title='bbox 1300 2351 1346 2410; x_wconf 90' lang='lat' dir='ltr'>his</span> <span class='ocrx_word' id='word_1_213' title='bbox 1371 2353 1481 2414; x_wconf 87' lang='lat' dir='ltr'>similes</span> 
     </span>
     <span class='ocr_line' id='line_1_23' title="bbox 356 2435 1481 2498; baseline 0.002 -2"><span class='ocrx_word' id='word_1_214' title='bbox 356 2439 382 2496; x_wconf 88' lang='lat' dir='ltr'>V</span> <span class='ocrx_word' id='word_1_215' title='bbox 418 2438 562 2495; x_wconf 84' lang='grc'><strong>187-91</strong></span> <span class='ocrx_word' id='word_1_216' title='bbox 601 2441 631 2496; x_wconf 90' lang='grc'>01</span> <span class='ocrx_word' id='word_1_217' title='bbox 665 2437 694 2494; x_wconf 93' lang='grc' dir='ltr'>Π</span> <span class='ocrx_word' id='word_1_218' title='bbox 732 2438 899 2494; x_wconf 87' lang='grc'><strong>1061-63</strong></span> <span class='ocrx_word' id='word_1_219' title='bbox 942 2435 1133 2496; x_wconf 86' lang='lat' dir='ltr'>Lachmanno</span> <span class='ocrx_word' id='word_1_220' title='bbox 1166 2435 1263 2496; x_wconf 88' lang='lat' dir='ltr'>iudice</span> <span class='ocrx_word' id='word_1_221' title='bbox 1298 2441 1417 2496; x_wconf 86' lang='lat' dir='ltr'>exstant</span> <span class='ocrx_word' id='word_1_222' title='bbox 1450 2439 1481 2498; x_wconf 91' lang='lat' dir='ltr'>in</span> 
     </span>
     <span class='ocr_line' id='line_1_24' title="bbox 356 2521 1479 2598; baseline 0 -17"><span class='ocrx_word' id='word_1_223' title='bbox 356 2522 506 2598; x_wconf 84' lang='lat' dir='ltr'>emboliis3</span> <span class='ocrx_word' id='word_1_224' title='bbox 533 2526 600 2582; x_wconf 87' lang='lat' dir='ltr'>sunt</span> <span class='ocrx_word' id='word_1_225' title='bbox 628 2521 718 2596; x_wconf 85' lang='lat' dir='ltr'>igitur</span> <span class='ocrx_word' id='word_1_226' title='bbox 745 2526 849 2596; x_wconf 88' lang='lat' dir='ltr'>postca</span> <span class='ocrx_word' id='word_1_227' title='bbox 877 2522 989 2582; x_wconf 91' lang='lat' dir='ltr'>inserti.</span> <span class='ocrx_word' id='word_1_228' title='bbox 1038 2521 1137 2580; x_wconf 81' lang='lat' dir='ltr'>Ceteri</span> <span class='ocrx_word' id='word_1_229' title='bbox 1163 2527 1260 2582; x_wconf 89' lang='lat' dir='ltr'>antem</span> <span class='ocrx_word' id='word_1_230' title='bbox 1284 2523 1309 2581; x_wconf 92' lang='lat' dir='ltr'>V</span> <span class='ocrx_word' id='word_1_231' title='bbox 1331 2523 1479 2581; x_wconf 86' lang='grc'><strong>410-22</strong></span> 
     </span>
     <span class='ocr_line' id='line_1_25' title="bbox 356 2601 1482 2692; baseline 0.007 -32"><span class='ocrx_word' id='word_1_232' title='bbox 356 2603 411 2688; x_wconf 83' lang='grc'><strong>(;-.</strong></span> <span class='ocrx_word' id='word_1_233' title='bbox 436 2609 451 2666; x_wconf 94' lang='grc' dir='ltr'>Ι</span> <span class='ocrx_word' id='word_1_234' title='bbox 476 2602 667 2687; x_wconf 83' lang='grc'><strong>1021-25),</strong></span> <span class='ocrx_word' id='word_1_235' title='bbox 691 2608 796 2666; x_wconf 76' lang='grc'><strong>1427</strong></span> <span class='ocrx_word' id='word_1_236' title='bbox 821 2603 896 2688; x_wconf 83' lang='grc'><strong>(1010</strong></span> <span class='ocrx_word' id='word_1_237' title='bbox 922 2631 962 2658; x_wconf 76' lang='lat' dir='ltr'><strong><em>z</em></strong></span> <span class='ocrx_word' id='word_1_238' title='bbox 987 2602 1126 2689; x_wconf 87' lang='grc'><strong>11029),</strong></span> <span class='ocrx_word' id='word_1_239' title='bbox 1151 2608 1176 2666; x_wconf 92' lang='lat' dir='ltr'>V</span> <span class='ocrx_word' id='word_1_240' title='bbox 1198 2608 1260 2666; x_wconf 88' lang='grc'>428</span> <span class='ocrx_word' id='word_1_241' title='bbox 1279 2601 1334 2688; x_wconf 69' lang='grc' dir='ltr'>(ε</span> <span class='ocrx_word' id='word_1_242' title='bbox 1352 2609 1366 2666; x_wconf 94' lang='grc' dir='ltr'>Ι</span> <span class='ocrx_word' id='word_1_243' title='bbox 1387 2605 1482 2692; x_wconf 86' lang='grc'><strong>1026)</strong></span> 
     </span>
     <span class='ocr_line' id='line_1_26' title="bbox 357 2691 1480 2771; baseline 0.002 -19"><span class='ocrx_word' id='word_1_244' title='bbox 357 2694 387 2752; x_wconf 92' lang='grc'>11</span> <span class='ocrx_word' id='word_1_245' title='bbox 412 2694 431 2752; x_wconf 92' lang='grc' dir='ltr'>Ι.</span> <span class='ocrx_word' id='word_1_246' title='bbox 456 2694 470 2751; x_wconf 96' lang='grc' dir='ltr'>Ι</span> <span class='ocrx_word' id='word_1_247' title='bbox 494 2691 628 2767; x_wconf 88' lang='lat' dir='ltr'>primitus</span> <span class='ocrx_word' id='word_1_248' title='bbox 653 2692 757 2766; x_wconf 87' lang='lat' dir='ltr'>scripti</span> <span class='ocrx_word' id='word_1_249' title='bbox 779 2693 926 2752; x_wconf 89' lang='lat' dir='ltr'>videntur.</span> <span class='ocrx_word' id='word_1_250' title='bbox 972 2691 1058 2765; x_wconf 76' lang='lat' dir='ltr'>Quod</span> <span class='ocrx_word' id='word_1_251' title='bbox 1080 2693 1105 2751; x_wconf 93' lang='lat' dir='ltr'>si</span> <span class='ocrx_word' id='word_1_252' title='bbox 1127 2692 1278 2771; x_wconf 88' lang='lat' dir='ltr'>probatur,</span> <span class='ocrx_word' id='word_1_253' title='bbox 1305 2695 1393 2752; x_wconf 88' lang='lat' dir='ltr'>etiam</span> <span class='ocrx_word' id='word_1_254' title='bbox 1412 2713 1480 2754; x_wconf 92' lang='lat' dir='ltr'>con·</span> 
     </span>
     <span class='ocr_line' id='line_1_27' title="bbox 356 2778 1480 2857; baseline 0.002 -19"><span class='ocrx_word' id='word_1_255' title='bbox 356 2778 477 2838; x_wconf 87' lang='lat' dir='ltr'>cedatur</span> <span class='ocrx_word' id='word_1_256' title='bbox 507 2778 677 2837; x_wconf 87' lang='lat' dir='ltr'>Lucretium</span> <span class='ocrx_word' id='word_1_257' title='bbox 707 2796 765 2836; x_wconf 93' lang='lat' dir='ltr'>non</span> <span class='ocrx_word' id='word_1_258' title='bbox 797 2779 963 2852; x_wconf 86' lang='lat' dir='ltr'>inspexisse</span> <span class='ocrx_word' id='word_1_259' title='bbox 994 2778 1075 2836; x_wconf 90' lang='lat' dir='ltr'>illurn</span> <span class='ocrx_word' id='word_1_260' title='bbox 1107 2778 1203 2836; x_wconf 93' lang='lat' dir='ltr'>locum</span> <span class='ocrx_word' id='word_1_261' title='bbox 1234 2778 1303 2837; x_wconf 92' lang='lat' dir='ltr'>libri</span> <span class='ocrx_word' id='word_1_262' title='bbox 1324 2780 1348 2857; x_wconf 94' lang='lat' dir='ltr'>I,</span> <span class='ocrx_word' id='word_1_263' title='bbox 1374 2781 1480 2840; x_wconf 91' lang='lat' dir='ltr'>nedum</span> 
     </span>
     <span class='ocr_line' id='line_1_28' title="bbox 356 2861 1480 2939; baseline 0.002 -17"><span class='ocrx_word' id='word_1_264' title='bbox 356 2864 549 2939; x_wconf 87' lang='lat' dir='ltr'>interpolator</span> <span class='ocrx_word' id='word_1_265' title='bbox 579 2880 645 2922; x_wconf 91' lang='lat' dir='ltr'>eum</span> <span class='ocrx_word' id='word_1_266' title='bbox 677 2862 875 2937; x_wconf 87' lang='lat' dir='ltr'>exscripserit.</span> <span class='ocrx_word' id='word_1_267' title='bbox 943 2864 1020 2922; x_wconf 88' lang='lat' dir='ltr'>Nam</span> <span class='ocrx_word' id='word_1_268' title='bbox 1043 2864 1106 2922; x_wconf 91' lang='lat' dir='ltr'>eius</span> <span class='ocrx_word' id='word_1_269' title='bbox 1131 2861 1168 2921; x_wconf 91' lang='lat' dir='ltr'>de</span> <span class='ocrx_word' id='word_1_270' title='bbox 1193 2881 1250 2937; x_wconf 92' lang='lat' dir='ltr'>quo</span> <span class='ocrx_word' id='word_1_271' title='bbox 1277 2864 1399 2924; x_wconf 89' lang='lat' dir='ltr'>dicimus</span> <span class='ocrx_word' id='word_1_272' title='bbox 1422 2867 1480 2926; x_wconf 92' lang='lat' dir='ltr'>loci</span> 
     </span>
     <span class='ocr_line' id='line_1_29' title="bbox 356 2948 1481 3028; baseline 0.001 -18"><span class='ocrx_word' id='word_1_273' title='bbox 356 2949 571 3024; x_wconf 86' lang='lat' dir='ltr'>argumentatio</span> <span class='ocrx_word' id='word_1_274' title='bbox 594 2948 656 3008; x_wconf 88' lang='lat' dir='ltr'>fere</span> <span class='ocrx_word' id='word_1_275' title='bbox 680 2952 743 3007; x_wconf 90' lang='lat' dir='ltr'>tota</span> <span class='ocrx_word' id='word_1_276' title='bbox 761 2948 802 3008; x_wconf 94' lang='lat' dir='ltr'>ibi</span> <span class='ocrx_word' id='word_1_277' title='bbox 821 2953 932 3008; x_wconf 86' lang='lat' dir='ltr'>exstat:</span> <span class='ocrx_word' id='word_1_278' title='bbox 960 2948 1140 3028; x_wconf 89' lang='lat' dir='ltr'>„primordia</span> <span class='ocrx_word' id='word_1_279' title='bbox 1158 2967 1216 3008; x_wconf 90' lang='lat' dir='ltr'>non</span> <span class='ocrx_word' id='word_1_280' title='bbox 1237 2950 1359 3008; x_wconf 91' lang='lat' dir='ltr'>consilio</span> <span class='ocrx_word' id='word_1_281' title='bbox 1378 2969 1430 3011; x_wconf 92' lang='lat' dir='ltr'>suo</span> <span class='ocrx_word' id='word_1_282' title='bbox 1449 2970 1481 3011; x_wconf 92' lang='lat' dir='ltr'>se</span> 
     </span>
     <span class='ocr_line' id='line_1_30' title="bbox 356 3033 1481 3112; baseline 0.002 -18"><span class='ocrx_word' id='word_1_283' title='bbox 356 3035 460 3094; x_wconf 89' lang='lat' dir='ltr'>ordine</span> <span class='ocrx_word' id='word_1_284' title='bbox 484 3034 635 3112; x_wconf 90' lang='lat' dir='ltr'>locarunt,</span> <span class='ocrx_word' id='word_1_285' title='bbox 661 3034 715 3092; x_wconf 88' lang='lat' dir='ltr'>sed</span> <span class='ocrx_word' id='word_1_286' title='bbox 736 3033 834 3109; x_wconf 91' lang='lat' dir='ltr'>plagis</span> <span class='ocrx_word' id='word_1_287' title='bbox 857 3039 886 3094; x_wconf 91' lang='lat' dir='ltr'>et</span> <span class='ocrx_word' id='word_1_288' title='bbox 912 3034 1091 3109; x_wconf 90' lang='lat' dir='ltr'>ponderibus</span> <span class='ocrx_word' id='word_1_289' title='bbox 1116 3035 1176 3093; x_wconf 90' lang='lat' dir='ltr'>suis</span> <span class='ocrx_word' id='word_1_290' title='bbox 1203 3034 1253 3094; x_wconf 92' lang='lat' dir='ltr'>diu</span> <span class='ocrx_word' id='word_1_291' title='bbox 1278 3036 1393 3096; x_wconf 90' lang='lat' dir='ltr'>concita</span> <span class='ocrx_word' id='word_1_292' title='bbox 1417 3042 1481 3096; x_wconf 89' lang='lat' dir='ltr'>tan·</span> 
     </span>
     <span class='ocr_line' id='line_1_31' title="bbox 357 3117 1482 3198; baseline 0.004 -20"><span class='ocrx_word' id='word_1_293' title='bbox 357 3120 424 3180; x_wconf 87' lang='lat' dir='ltr'>dem</span> <span class='ocrx_word' id='word_1_294' title='bbox 442 3120 618 3180; x_wconf 87' lang='lat' dir='ltr'>conveniunt</span> <span class='ocrx_word' id='word_1_295' title='bbox 635 3119 666 3177; x_wconf 92' lang='lat' dir='ltr'>in</span> <span class='ocrx_word' id='word_1_296' title='bbox 684 3119 760 3179; x_wconf 86' lang='lat' dir='ltr'>tales</span> <span class='ocrx_word' id='word_1_297' title='bbox 778 3120 982 3198; x_wconf 86' lang='lat' dir='ltr'>disposituras,</span> <span class='ocrx_word' id='word_1_298' title='bbox 1006 3120 1141 3194; x_wconf 92' lang='lat' dir='ltr'>qualibus</span> <span class='ocrx_word' id='word_1_299' title='bbox 1163 3117 1237 3180; x_wconf 89' lang='lat' dir='ltr'>haec</span> <span class='ocrx_word' id='word_1_300' title='bbox 1254 3137 1352 3180; x_wconf 91' lang='lat' dir='ltr'>rerum</span> <span class='ocrx_word' id='word_1_301' title='bbox 1369 3140 1482 3183; x_wconf 87' lang='lat' dir='ltr'>summa</span> 
     </span>
     <span class='ocr_line' id='line_1_32' title="bbox 356 3203 1481 3280; baseline 0.002 -14"><span class='ocrx_word' id='word_1_302' title='bbox 356 3203 520 3266; x_wconf 78' lang='lat' dir='ltr'>consistit“.</span> <span class='ocrx_word' id='word_1_303' title='bbox 555 3205 614 3264; x_wconf 86' lang='grc'><strong>0111</strong></span> <span class='ocrx_word' id='word_1_304' title='bbox 631 3205 721 3279; x_wconf 93' lang='lat' dir='ltr'>igitur</span> <span class='ocrx_word' id='word_1_305' title='bbox 739 3223 796 3263; x_wconf 93' lang='lat' dir='ltr'>non</span> <span class='ocrx_word' id='word_1_306' title='bbox 814 3209 907 3265; x_wconf 92' lang='lat' dir='ltr'>totam</span> <span class='ocrx_word' id='word_1_307' title='bbox 924 3224 989 3265; x_wconf 90' lang='lat' dir='ltr'>eam</span> <span class='ocrx_word' id='word_1_308' title='bbox 1006 3205 1076 3265; x_wconf 91' lang='lat' dir='ltr'>inde</span> <span class='ocrx_word' id='word_1_309' title='bbox 1094 3206 1214 3280; x_wconf 89' lang='lat' dir='ltr'>repetiit</span> <span class='ocrx_word' id='word_1_310' title='bbox 1231 3207 1295 3265; x_wconf 90' lang='lat' dir='ltr'>sive</span> <span class='ocrx_word' id='word_1_311' title='bbox 1312 3207 1399 3266; x_wconf 90' lang='lat' dir='ltr'>Lucr.</span> <span class='ocrx_word' id='word_1_312' title='bbox 1419 3208 1481 3268; x_wconf 86' lang='lat' dir='ltr'>sive</span> 
     </span>
     <span class='ocr_line' id='line_1_33' title="bbox 355 3290 1481 3368; baseline 0.003 -17"><span class='ocrx_word' id='word_1_313' title='bbox 355 3293 567 3368; x_wconf 87' lang='lat' dir='ltr'>interpolator,</span> <span class='ocrx_word' id='word_1_314' title='bbox 596 3290 650 3350; x_wconf 92' lang='lat' dir='ltr'>sed</span> <span class='ocrx_word' id='word_1_315' title='bbox 678 3292 879 3351; x_wconf 91' lang='lat' dir='ltr'>tantummodo</span> <span class='ocrx_word' id='word_1_316' title='bbox 908 3310 961 3352; x_wconf 92' lang='lat' dir='ltr'>sex</span> <span class='ocrx_word' id='word_1_317' title='bbox 990 3309 1093 3352; x_wconf 90' lang='lat' dir='ltr'>versus</span> <span class='ocrx_word' id='word_1_318' title='bbox 1130 3295 1160 3350; x_wconf 92' lang='lat' dir='ltr'>et</span> <span class='ocrx_word' id='word_1_319' title='bbox 1187 3290 1242 3351; x_wconf 93' lang='lat' dir='ltr'>hos</span> <span class='ocrx_word' id='word_1_320' title='bbox 1271 3291 1389 3366; x_wconf 87' lang='lat' dir='ltr'>quidem</span> <span class='ocrx_word' id='word_1_321' title='bbox 1423 3295 1481 3354; x_wconf 92' lang='lat' dir='ltr'>alio</span> 
     </span>
     <span class='ocr_line' id='line_1_34' title="bbox 356 3374 1482 3450; baseline 0.004 -14"><span class='ocrx_word' id='word_1_322' title='bbox 356 3377 483 3437; x_wconf 81' lang='lat' dir='ltr'>ordine?</span> <span class='ocrx_word' id='word_1_323' title='bbox 512 3376 656 3434; x_wconf 91' lang='lat' dir='ltr'>Nimirum</span> <span class='ocrx_word' id='word_1_324' title='bbox 681 3379 788 3450; x_wconf 75' lang='lat' dir='ltr'>poetae</span> <span class='ocrx_word' id='word_1_325' title='bbox 812 3377 856 3435; x_wconf 94' lang='lat' dir='ltr'>illi</span> <span class='ocrx_word' id='word_1_326' title='bbox 879 3394 931 3436; x_wconf 92' lang='lat' dir='ltr'>sex</span> <span class='ocrx_word' id='word_1_327' title='bbox 957 3377 987 3435; x_wconf 94' lang='lat' dir='ltr'>in</span> <span class='ocrx_word' id='word_1_328' title='bbox 1012 3381 1109 3436; x_wconf 92' lang='lat' dir='ltr'>mente</span> <span class='ocrx_word' id='word_1_329' title='bbox 1134 3374 1306 3436; x_wconf 89' lang='lat' dir='ltr'>haerebant.</span> <span class='ocrx_word' id='word_1_330' title='bbox 1333 3413 1374 3421; x_wconf 92' lang='lat'>-</span> <span class='ocrx_word' id='word_1_331' title='bbox 1399 3381 1482 3440; x_wconf 91' lang='lat' dir='ltr'>Haec</span> 
     </span>
     <span class='ocr_line' id='line_1_35' title="bbox 356 3460 1481 3540; baseline 0.004 -20"><span class='ocrx_word' id='word_1_332' title='bbox 356 3463 540 3522; x_wconf 88' lang='lat' dir='ltr'>ratiocinatio</span> <span class='ocrx_word' id='word_1_333' title='bbox 565 3479 600 3520; x_wconf 89' lang='grc'>00</span> <span class='ocrx_word' id='word_1_334' title='bbox 626 3460 840 3535; x_wconf 87' lang='lat' dir='ltr'>quodammodo</span> <span class='ocrx_word' id='word_1_335' title='bbox 866 3460 1069 3540; x_wconf 88' lang='lat' dir='ltr'>confirmatur,</span> <span class='ocrx_word' id='word_1_336' title='bbox 1100 3461 1178 3536; x_wconf 90' lang='lat' dir='ltr'>quod</span> <span class='ocrx_word' id='word_1_337' title='bbox 1203 3461 1232 3521; x_wconf 91' lang='lat' dir='ltr'>h.</span> <span class='ocrx_word' id='word_1_338' title='bbox 1259 3464 1279 3521; x_wconf 92' lang='lat' dir='ltr'>l.</span> <span class='ocrx_word' id='word_1_339' title='bbox 1305 3463 1330 3523; x_wconf 89' lang='lat' dir='ltr'>is</span> <span class='ocrx_word' id='word_1_340' title='bbox 1355 3466 1481 3525; x_wconf 88' lang='lat' dir='ltr'>maxime</span> 
     </span>
     <span class='ocr_line' id='line_1_36' title="bbox 356 3542 1482 3628; baseline 0.003 -21"><span class='ocrx_word' id='word_1_341' title='bbox 356 3568 385 3607; x_wconf 89' lang='grc'>1.</span> <span class='ocrx_word' id='word_1_342' title='bbox 405 3542 494 3628; x_wconf 88' lang='grc'><strong>(428)</strong></span> <span class='ocrx_word' id='word_1_343' title='bbox 513 3545 666 3606; x_wconf 84' lang='lat' dir='ltr'>offensioni</span> <span class='ocrx_word' id='word_1_344' title='bbox 685 3550 739 3624; x_wconf 87' lang='lat' dir='ltr'>est,</span> <span class='ocrx_word' id='word_1_345' title='bbox 760 3547 810 3620; x_wconf 92' lang='lat' dir='ltr'>qui</span> <span class='ocrx_word' id='word_1_346' title='bbox 828 3547 916 3607; x_wconf 91' lang='lat' dir='ltr'>etiam</span> <span class='ocrx_word' id='word_1_347' title='bbox 933 3548 963 3605; x_wconf 94' lang='lat' dir='ltr'>in</span> <span class='ocrx_word' id='word_1_348' title='bbox 982 3548 1001 3605; x_wconf 87' lang='lat' dir='ltr'>l.</span> <span class='ocrx_word' id='word_1_349' title='bbox 1020 3549 1034 3604; x_wconf 95' lang='lat' dir='ltr'>I</span> <span class='ocrx_word' id='word_1_350' title='bbox 1053 3548 1187 3626; x_wconf 91' lang='lat' dir='ltr'>occurrit,</span> <span class='ocrx_word' id='word_1_351' title='bbox 1212 3549 1303 3608; x_wconf 87' lang='lat' dir='ltr'>ceteri</span> <span class='ocrx_word' id='word_1_352' title='bbox 1323 3556 1420 3610; x_wconf 91' lang='lat' dir='ltr'>autem</span> <span class='ocrx_word' id='word_1_353' title='bbox 1439 3552 1482 3611; x_wconf 87' lang='lat' dir='ltr'>eis</span> 
     </span>
     <span class='ocr_line' id='line_1_37' title="bbox 356 3627 1387 3717; baseline 0.004 -25"><span class='ocrx_word' id='word_1_354' title='bbox 356 3634 439 3712; x_wconf 87' lang='lat' dir='ltr'>locis,</span> <span class='ocrx_word' id='word_1_355' title='bbox 458 3633 510 3708; x_wconf 92' lang='lat' dir='ltr'>qui</span> <span class='ocrx_word' id='word_1_356' title='bbox 527 3637 595 3708; x_wconf 88' lang='lat' dir='ltr'>post</span> <span class='ocrx_word' id='word_1_357' title='bbox 613 3630 689 3690; x_wconf 91' lang='lat' dir='ltr'>hunc</span> <span class='ocrx_word' id='word_1_358' title='bbox 707 3632 809 3708; x_wconf 91' lang='lat' dir='ltr'>scripti</span> <span class='ocrx_word' id='word_1_359' title='bbox 827 3639 894 3692; x_wconf 89' lang='lat' dir='ltr'>sunt</span> <span class='ocrx_word' id='word_1_360' title='bbox 912 3627 951 3712; x_wconf 87' lang='lat' dir='ltr'>(V</span> <span class='ocrx_word' id='word_1_361' title='bbox 972 3633 1128 3712; x_wconf 83' lang='lat'>187-91,</span> <span class='ocrx_word' id='word_1_362' title='bbox 1146 3634 1175 3692; x_wconf 92' lang='grc' dir='ltr'>Π</span> <span class='ocrx_word' id='word_1_363' title='bbox 1195 3631 1387 3717; x_wconf 86' lang='grc'><strong>1061-63).</strong></span> 
     </span>
     <span class='ocr_line' id='line_1_38' title="bbox 442 3718 862 3778; baseline -0.005 -1"><span class='ocrx_word' id='word_1_364' title='bbox 442 3719 559 3778; x_wconf 84' lang='grc'><strong>11210.</strong></span> <span class='ocrx_word' id='word_1_365' title='bbox 581 3718 802 3776; x_wconf 87' lang='grc'><strong>11--1211.</strong></span> <span class='ocrx_word' id='word_1_366' title='bbox 824 3721 862 3776; x_wconf 91' lang='grc'>12</span> 
     </span>
     <span class='ocr_line' id='line_1_39' title="bbox 400 3798 1117 3885; baseline -0.001 -21"><span class='ocrx_word' id='word_1_367' title='bbox 400 3800 439 3885; x_wconf 92' lang='lat' dir='ltr'>(si</span> <span class='ocrx_word' id='word_1_368' title='bbox 457 3798 529 3885; x_wconf 89' lang='grc'><strong>101)</strong></span> <span class='ocrx_word' id='word_1_369' title='bbox 547 3802 688 3862; x_wconf 86' lang='lat' dir='ltr'>fecundas</span> <span class='ocrx_word' id='word_1_370' title='bbox 707 3807 857 3863; x_wconf 88' lang='lat' dir='ltr'>vertentes</span> <span class='ocrx_word' id='word_1_371' title='bbox 876 3820 995 3862; x_wconf 85' lang='lat' dir='ltr'>vomere</span> <span class='ocrx_word' id='word_1_372' title='bbox 1013 3803 1117 3879; x_wconf 83' lang='lat' dir='ltr'>glebas</span> 
     </span>
     <span class='ocr_line' id='line_1_40' title="bbox 399 3888 1127 3967; baseline 0 -19"><span class='ocrx_word' id='word_1_373' title='bbox 399 3890 548 3963; x_wconf 89' lang='lat' dir='ltr'>terraique</span> <span class='ocrx_word' id='word_1_374' title='bbox 567 3891 660 3948; x_wconf 90' lang='lat' dir='ltr'>solum</span> <span class='ocrx_word' id='word_1_375' title='bbox 678 3888 850 3964; x_wconf 85' lang='lat' dir='ltr'>subigentes</span> <span class='ocrx_word' id='word_1_376' title='bbox 868 3889 960 3949; x_wconf 89' lang='lat' dir='ltr'>cimus</span> <span class='ocrx_word' id='word_1_377' title='bbox 978 3890 1015 3948; x_wconf 90' lang='lat' dir='ltr'>ad</span> <span class='ocrx_word' id='word_1_378' title='bbox 1034 3893 1127 3967; x_wconf 87' lang='lat' dir='ltr'>ortus,</span> 
     </span>
    </p>
   </div>
   <div class='ocr_carea' id='block_1_3' title="bbox 400 3970 1225 4142">
    <p class='ocr_par' dir='ltr' id='par_1_3' title="bbox 400 3970 1225 4142">
     <span class='ocr_line' id='line_1_41' title="bbox 400 3970 1225 4058; baseline 0 -24"><span class='ocrx_word' id='word_1_379' title='bbox 400 3970 517 4058; x_wconf 87' lang='lat' dir='ltr'>(sponte</span> <span class='ocrx_word' id='word_1_380' title='bbox 536 3991 589 4034; x_wconf 88' lang='lat' dir='ltr'>sua</span> <span class='ocrx_word' id='word_1_381' title='bbox 607 3978 756 4049; x_wconf 90' lang='lat' dir='ltr'>nequeant</span> <span class='ocrx_word' id='word_1_382' title='bbox 773 3974 900 4049; x_wconf 90' lang='lat' dir='ltr'>liquidas</span> <span class='ocrx_word' id='word_1_383' title='bbox 919 3975 1047 4035; x_wconf 89' lang='lat' dir='ltr'>existere</span> <span class='ocrx_word' id='word_1_384' title='bbox 1065 3971 1225 4058; x_wconf 84' lang='grc'><strong>11011100).</strong></span> 
     </span>
     <span class='ocr_line' id='line_1_42' title="bbox 443 4054 822 4142; baseline -0.003 -23"><span class='ocrx_word' id='word_1_385' title='bbox 443 4054 513 4142; x_wconf 83' lang='lat' dir='ltr'>(Gn.</span> <span class='ocrx_word' id='word_1_386' title='bbox 533 4061 572 4118; x_wconf 81' lang='lat'>79</span> <span class='ocrx_word' id='word_1_387' title='bbox 592 4077 648 4138; x_wconf 73' lang='lat' dir='ltr'>sq,</span> <span class='ocrx_word' id='word_1_388' title='bbox 665 4060 716 4118; x_wconf 90' lang='lat' dir='ltr'>Br.</span> <span class='ocrx_word' id='word_1_389' title='bbox 737 4056 822 4141; x_wconf 87' lang='grc'><strong>207).</strong></span> 
     </span>
    </p>
   </div>
   <div class='ocr_carea' id='block_1_4' title="bbox 356 4205 1484 4484">
    <p class='ocr_par' dir='ltr' id='par_1_4' title="bbox 356 4205 1484 4484">
     <span class='ocr_line' id='line_1_43' title="bbox 358 4205 1484 4294; baseline 0.003 -31"><span class='ocrx_word' id='word_1_390' title='bbox 358 4281 365 4294; x_wconf 92' lang='lat'><em>.</em></span> <span class='ocrx_word' id='word_1_391' title='bbox 444 4211 471 4291; x_wconf 91' lang='grc'>1)</span> <span class='ocrx_word' id='word_1_392' title='bbox 490 4208 528 4263; x_wconf 85' lang='lat' dir='ltr'>Cf.</span> <span class='ocrx_word' id='word_1_393' title='bbox 552 4205 667 4261; x_wconf 90' lang='lat' dir='ltr'>similem</span> <span class='ocrx_word' id='word_1_394' title='bbox 690 4207 880 4290; x_wconf 75' lang='lat' dir='ltr'>verbositatem</span> <span class='ocrx_word' id='word_1_395' title='bbox 904 4207 916 4261; x_wconf 94' lang='grc' dir='ltr'>Ι</span> <span class='ocrx_word' id='word_1_396' title='bbox 940 4209 991 4289; x_wconf 67' lang='grc'>510</span> <span class='ocrx_word' id='word_1_397' title='bbox 1016 4225 1070 4277; x_wconf 88' lang='lat' dir='ltr'>sqq.</span> <span class='ocrx_word' id='word_1_398' title='bbox 1096 4209 1171 4291; x_wconf 77' lang='grc' dir='ltr'><strong>11111Ιο</strong></span> <span class='ocrx_word' id='word_1_399' title='bbox 1193 4225 1237 4263; x_wconf 89' lang='lat' dir='ltr'>res</span> <span class='ocrx_word' id='word_1_400' title='bbox 1260 4213 1351 4278; x_wconf 87' lang='lat' dir='ltr'>potest</span> <span class='ocrx_word' id='word_1_401' title='bbox 1375 4211 1484 4294; x_wconf 84' lang='lat' dir='ltr'>probari</span> 
     </span>
     <span class='ocr_line' id='line_1_44' title="bbox 356 4276 1483 4348; baseline 0 -14"><span class='ocrx_word' id='word_1_402' title='bbox 356 4295 436 4334; x_wconf 87' lang='lat' dir='ltr'>mane</span> <span class='ocrx_word' id='word_1_403' title='bbox 459 4282 531 4332; x_wconf 90' lang='lat' dir='ltr'>mtus</span> <span class='ocrx_word' id='word_1_404' title='bbox 554 4276 662 4342; x_wconf 89' lang='lat' dir='ltr'>habere,</span> <span class='ocrx_word' id='word_1_405' title='bbox 684 4291 708 4329; x_wconf 88' lang='lat' dir='ltr'>sr</span> <span class='ocrx_word' id='word_1_406' title='bbox 730 4292 786 4329; x_wconf 94' lang='lat' dir='ltr'>non</span> <span class='ocrx_word' id='word_1_407' title='bbox 803 4278 888 4343; x_wconf 84' lang='lat' dir='ltr'>quod</span> <span class='ocrx_word' id='word_1_408' title='bbox 907 4278 1045 4331; x_wconf 89' lang='lat' dir='ltr'>cohrbet</span> <span class='ocrx_word' id='word_1_409' title='bbox 1061 4278 1175 4332; x_wconf 89' lang='lat' dir='ltr'>sohdnm</span> <span class='ocrx_word' id='word_1_410' title='bbox 1193 4287 1315 4333; x_wconf 88' lang='lat' dir='ltr'>constare</span> <span class='ocrx_word' id='word_1_411' title='bbox 1333 4281 1483 4348; x_wconf 80' lang='lat' dir='ltr'>relinquas:</span> 
     </span>
     <span class='ocr_line' id='line_1_45' title="bbox 356 4345 1483 4484; baseline 0.002 -82"><span class='ocrx_word' id='word_1_412' title='bbox 356 4345 721 4484; x_wconf 47' lang='lat' dir='ltr'>{dufissrffffliffgssgmmt</span> <span class='ocrx_word' id='word_1_413' title='bbox 740 4346 793 4400; x_wconf 89' lang='lat' dir='ltr'>nisi</span> <span class='ocrx_word' id='word_1_414' title='bbox 810 4345 932 4399; x_wconf 90' lang='lat' dir='ltr'>materiai</span> <span class='ocrx_word' id='word_1_415' title='bbox 950 4346 1098 4414; x_wconf 87' lang='lat' dir='ltr'>concilium,</span> <span class='ocrx_word' id='word_1_416' title='bbox 1123 4347 1204 4414; x_wconf 91' lang='lat' dir='ltr'>quod</span> <span class='ocrx_word' id='word_1_417' title='bbox 1222 4348 1322 4402; x_wconf 89' lang='lat' dir='ltr'>inane</span> <span class='ocrx_word' id='word_1_418' title='bbox 1339 4349 1374 4403; x_wconf 92' lang='lat' dir='ltr'>in</span> <span class='ocrx_word' id='word_1_419' title='bbox 1391 4351 1483 4405; x_wconf 89' lang='lat' dir='ltr'>rebu&#39;</span> 
     </span>
    </p>
   </div>
   <div class='ocr_carea' id='block_1_5' title="bbox 0 0 1694 5306">
    <p class='ocr_par' dir='ltr' id='par_1_5' title="bbox 0 0 1694 5306">
     <span class='ocr_line' id='line_1_46' title="bbox 0 0 1694 5306; baseline 0 0"><span class='ocrx_word' id='word_1_420' title='bbox 0 0 1694 5306; x_wconf 95' lang='lat' dir='ltr'> </span> 
     </span>
    </p>
   </div>
  </div>
 </body>
</html>
