3380 5306
808 469 976 526 —22—

324 637 469 718 perfacile
488 640 635 714 extemplo
652 637 797 698 rationem
814 636 941 698 reddere
958 635 1064 715 possis,
1084 641 1184 697 curet
1202 656 1231 712 q.
1251 656 1295 712 sq.
1328 638 1456 713 Propter

328 727 503 788 sententiam
521 742 559 784 ne
577 723 634 784 hoc
652 723 770 799 quidem
787 725 853 782 loco
870 723 942 782 milri
959 722 1096 782 videntur
1113 724 1238 783 molesti.
1282 724 1358 783 Nam
1377 721 1456 798 quod

328 813 385 874 Gn.
405 809 556 871 contendit
585 809 643 889 „ad
674 810 786 869 colores
809 808 967 868 venandos
991 826 1050 868 nou
1074 814 1204 868 motuum
1229 809 1455 885 primordiorum

327 898 448 975 referre,
466 895 519 956 sed
533 891 944 955 11111111111111111111111ιι
960 929 996 935 -
1011 899 1219 970 praeterquam
1231 895 1310 970 quod
1321 893 1377 955 hoc
1389 887 1455 954 s'ub-

326 984 407 1045 tilius
420 981 618 1057 excogitatum
630 986 684 1060 est,
704 981 842 1056 quoniam
853 981 975 1058 colores,
995 980 1020 1038 si
1032 985 1142 1040 mutato
1161 981 1264 1040 ordine
1280 972 1457 1057 primordio·

326 1089 391 1130 mm
416 1069 577 1145 variantur,
603 1065 708 1126 horum
733 1070 814 1125 motu
838 1066 947 1125 variari
973 1065 1032 1126 dici
1056 1065 1127 1126 licet
1151 1101 1193 1110 -
1216 1066 1362 1126 refellitur
1392 1066 1457 1140 ipso

328 1157 472 1230 exemplo,
490 1170 548 1228 quo
563 1153 656 1212 utitur
667 1152 755 1211 Lucr.
768 1170 809 1210 sc.
825 1152 904 1226 quod
919 1169 1001 1210 mare
1017 1152 1114 1212 ventis
1133 1158 1307 1212 commotum
1324 1152 1458 1211 albescat

329 1237 379 1324 (cf.
397 1234 483 1321 766).
506 1239 571 1298 Hoc
589 1241 686 1298 autem
701 1239 868 1312 exemplum
882 1238 925 1297 ita
940 1255 1006 1296 cum
1021 1239 1264 1298 antecedentibus
1280 1238 1412 1312 iungitur
1425 1242 1458 1297 ut

328 1347 365 1390 ex
390 1327 433 1387 eis
455 1324 541 1385 fidem
560 1323 649 1384 ducat
673 1318 833 1405 (757-71
858 1323 884 1382 si
905 1323 1065 1398 primordia
1087 1323 1204 1383 variant
1228 1327 1342 1384 colores
1359 1341 1458 1382 rerum

328 1417 487 1490 propterea
504 1408 584 1485 quod
603 1454 611 1468 .
632 1454 640 1468 .
660 1453 688 1488 .,
712 1408 855 1484 perfacile
876 1409 1021 1469 rationem
1039 1408 1164 1470 reddero
1182 1410 1287 1489 possis,
1312 1428 1364 1469 cur
1381 1427 1408 1468 e.
1427 1427 1457 1484 g.

329 1517 365 1560 ea
383 1515 459 1573 quae
477 1497 564 1571 nigra
583 1499 650 1555 sunt
666 1500 789 1570 repente
806 1495 933 1554 candida
950 1493 1044 1577 fiant).
1080 1495 1183 1555 Liceat
1199 1497 1295 1570 ipsam
1310 1513 1459 1570 apponere

330 1583 570 1660 explicationem:
596 1581 694 1640 dicero
718 1579 814 1655 possis
842 1615 877 1622 -
906 1581 1056 1655 inquit-
1077 1581 1195 1657 nigrum
1215 1582 1294 1657 quod
1316 1581 1459 1659 videmus,

329 1673 355 1731 si
374 1669 512 1729 materies
531 1666 723 1742 permiscetur
742 1670 771 1726 11
789 1667 861 1726 ordo
888 1666 1098 1741 principiorum
1119 1671 1250 1727 mutatur
1268 1672 1299 1728 et
1316 1666 1462 1742 quaedam

329 1756 479 1817 adduntur
496 1758 584 1827 atque
602 1751 775 1831 demuntur,
800 1751 937 1812 continuo
963 1751 1027 1812 fieri
1045 1757 1077 1812 ut
1095 1752 1225 1812 candens
1242 1753 1400 1828 albumque
1417 1751 1460 1810 vi-

329 1843 446 1902 deatur.
491 1838 564 1912 Quis
582 1855 692 1912 quaeso
712 1836 874 1917 „perfacile
895 1836 1063 1914 1111111111ιι
1082 1857 1144 1898 rem
1164 1839 1206 1898 ita
1224 1839 1281 1898 sibi
1299 1843 1398 1899 mente
1416 1839 1459 1898 in-

330 1928 458 1988 formare
485 1924 595 2002 possit,
622 1925 648 1984 si
671 1924 873 1983 tantummodo
900 1923 1010 1983 dictum
1035 1928 1080 1984 est
1105 1924 1267 1998 primordia
1292 1925 1359 2000 ipsa
1380 1924 1460 1983 nullo

331 2014 429 2074 colore
447 2011 585 2088 praedita
595 2010 714 2069 variare
726 2011 838 2068 colores
857 2009 1035 2085 exipsorum
1045 2011 1137 2070 variis
1149 2008 1249 2070 formis
1263 2005 1294 2092 (7
1298 2009 1461 2092 57-5o)?

329 2100 421 2159 Immo
450 2097 476 2158 si
505 2097 563 2156 sois
593 2095 694 2171 magni
721 2094 834 2154 referre
856 2095 895 2154 ad
916 2095 1075 2155 variandus
1098 2097 1221 2174 colores,
1245 2097 1459 2156 seminecum

329 2184 473 2260 quibus
507 2187 536 2242 et
569 2181 672 2256 quali
707 2179 889 2255 positura
922 2180 1126 2240 contineantur
1152 2187 1182 2241 et
1215 2199 1311 2256 quos
1339 2186 1459 2241 motus

330 2270 408 2330 inter
445 2287 478 2329 se
506 2269 576 2327 dent
595 2265 814 2344 accipiantque,
847 2270 908 2324 tum
936 2267 1047 2341 poteris
1076 2267 1220 2343 suspicari
1241 2285 1323 2328 mare
1344 2268 1461 2343 nigrum

328 2353 393 2416 fieri
421 2354 570 2431 candens,
594 2353 664 2427 quia
690 2352 872 2411 materies
897 2351 1182 2426 permiscentur
1207 2357 1237 2412 et
1262 2352 1333 2412 ordo
1357 2353 1459 2428 prin-

330 2441 515 2517 cipiorum
540 2443 708 2497 mutetur
729 2442 759 2498 et
780 2438 926 2512 quaedam
949 2437 1141 2499 addantur
1166 2443 1283 2514 atque
1308 2439 1459 2498 deman-

329 2533 401 2587 tur.
442 2525 526 2599 Quae
544 2525 569 2582 si
586 2524 757 2601 probantur,
776 2542 824 2582 vv.
844 2524 881 2582 de
900 2524 1006 2599 quibus
1025 2523 1158 2603 dicimus,
1177 2544 1195 2584 a
1212 2526 1277 2584 looo
1294 2543 1354 2584 non
1371 2524 1461 2584 alieni

329 2611 476 2672 videntur.
522 2608 608 2682 Quod
637 2610 777 2685 quoniam
806 2609 963 2688 evicimus,
995 2627 1053 2669 non
1082 2610 1298 2670 dissimulamus
1325 2629 1376 2671 eos
1401 2628 1460 2670 non

330 2714 451 2774 prorsus
468 2696 686 2771 vituperatione
705 2711 817 2754 carere.
845 2695 922 2754 Nam
939 2713 998 2754 non
1009 2696 1162 2756 variantur
1174 2698 1287 2757 colores
1302 2699 1461 2772 propterea

331 2784 409 2859 quod
434 2782 534 2858 magni
558 2779 698 2858 refert,
725 2781 838 2840 semina
863 2797 928 2839 oum
954 2781 1060 2855 quibus
1080 2826 1087 2841 .
1107 2827 1115 2842 .
1136 2827 1143 2841 .
1163 2781 1382 2860 contineantur,
1408 2782 1461 2841 sed

332 2888 367 2930 co
393 2867 472 2945 qnod
496 2871 580 2926 certa
604 2865 748 2941 quaedam
780 2865 909 2925 cumbis
928 2866 1334 2928 autilliscontinentur.
1379 2868 1461 2926 Haec

330 2960 429 3015 tamen
451 2953 592 3013 orationis
610 2952 749 3027 iniqnitas
767 2955 886 3027 poetam
903 2951 990 3012 facile
1007 2953 1112 3028 fugere
1133 2953 1243 3032 potuit,
1271 2954 1297 3014 si
1322 2952 1390 3013 illos
1411 2971 1459 3011 vv.

331 3040 473 3100 memoria
484 3039 620 3117 tenebat3
640 3054 736 3112 neque
751 3037 869 3096 omnino
881 3038 974 3097 maior
986 3043 1031 3098 est
1045 3057 1132 3114 quam
1141 3039 1262 3113 eaquod
1271 3038 1378 3098 dicitur
1389 3057 1415 3098 e.
1428 3056 1457 3113 g.

329 3126 430 3186 1503
460 3142 526 3200 sqq.
563 3123 702 3200 quoniam
743 3123 852 3198 duplex
882 3127 989 3184 natura
1016 3142 1114 3185 rerum
1144 3124 1294 3185 dissimilis
1323 3128 1458 3184 constare

331 3215 547 3289 repertast,
578 3226 664 3270 esse
695 3213 852 3284 utramque
881 3209 937 3270 sibi
965 3228 1020 3284 per
1050 3228 1082 3271 se
1107 3229 1269 3287 puramque
1296 3213 1459 3270 necessest.

330 3299 372 3358 IV
397 3298 458 3356 239
485 3314 582 3356 nunc
606 3313 642 3355 ea
665 3312 741 3369 quae
764 3295 830 3354 dico
854 3312 952 3354 rernm
981 3297 1138 3356 simulacra
1166 3295 1346 3356 feruntur
1374 3295 1459 3355 undi-

331 3401 389 3458 que
409 3427 416 3442 .
437 3427 444 3442 .
466 3427 495 3461 .,
523 3399 599 3456 quae
624 3380 772 3441 sententia
797 3379 947 3440 efferenda
971 3386 1035 3440 erat
1059 3382 1113 3441 ad*
1130 3383 1295 3458 exemplum
1323 3399 1459 3441 versuum

331 3461 1187 3547 17673.4(1111131...13111)1111711611
1212 3462 1459 3549 (nuncuge...

331 3548 476 3635 percipe).
499 3586 542 3595 —
565 3552 646 3626 Ergo
668 3549 724 3610 hoc
750 3569 867 3626 quoque
890 3553 955 3614 loco
973 3553 1040 3612 illos
1057 3571 1105 3612 vv.
1124 3553 1289 3632 tuebimur,
1313 3554 1367 3612 sed
1389 3569 1459 3627 quo·

332 3641 410 3700 niam
434 3639 529 3715 primo
555 3655 613 3712 qno
639 3641 756 3697 exstant
781 3635 970 3697 difficultates
994 3657 1053 3698 non
1076 3642 1229 3718 praebent,
1258 3637 1300 3699 ibi
1325 3639 1460 3714 primitus

331 3726 469 3786 videntur
504 3723 607 3803 positi,
645 3740 700 3782 nec
735 3740 808 3782 vero
837 3757 879 3766 —-
912 3723 944 3782 id
976 3723 1055 3799 quod
1089 3724 1145 3784 Gn.
1181 3728 1267 3800 putat
1294 3758 1335 3767 —
1366 3741 1382 3782 e
1410 3741 1460 3782 vv.

333 3813 362 3870 ll
383 3812 529 3870 loct-9
550 3807 725 3886 deprompti.

375 3893 844 3955 1820.21fere:111015.
866 3895 904 3952 16

374 3980 797 4041 1823-26ε11688-91

653 4066 725 4124 692.
761 4065 1170 4125 94:11336.7=723.4
1325 4097 1331 4107 ·

1062 4151 1134 4211 725.
1148 4152 1349 4210 6.-111649,
1363 4150 1405 4209 50

295 4307 298 4314 ’
421 4231 993 4318 (61511111,Το.550,Β1.205).
1061 4261 1102 4288 =
1121 4237 1420 4298 7441.2;1633.
1433 4236 1463 4296 4.

333 4323 519 4383 Democritus
544 4328 577 4383 ut
602 4322 743 4399 probaret
769 4335 825 4379 res*
836 4321 942 4380 mutari
966 4317 1050 4396 τάξει
1077 4326 1107 4381 11
1125 4326 1211 4382 θέσει
1227 4321 1464 4402 primordiorum,

335 4408 406 4468 oriri
433 4413 534 4468 autem
562 4414 593 4469 et
620 4406 741 4467 interire
771 4423 873 4466 eornm
900 4413 1052 4486 συγκρίσει
1083 4411 1113 4467 11
1142 4402 1300 4487 διακρίσει,
1330 4407 1465 4483 exemplo
