3380 5306
823 454 993 508 -23-

346 620 390 680 eis
408 622 625 682 demonstretur
648 621 741 699 „nulli
760 623 877 697 corpori
894 622 983 680 inane
1000 621 1172 698 resistere“,
1196 639 1255 679 non
1275 621 1308 679 id
1325 618 1404 696 quod
1421 621 1472 679 de·

345 708 564 768 monstrandum
584 709 623 768 sit
640 709 772 785 „nullam
789 708 885 766 inanis
902 713 1016 782 partem
1034 725 1122 782 posse
1139 713 1237 766 terrac
1254 704 1424 784 resistere“,
1443 711 1474 766 et
1496 702 1499 706 ’

346 794 426 866 quod
440 795 532 853 verba
547 795 619 873 „tali
631 792 766 853 ratione“
782 789 894 874 (1081)
905 794 1088 852 commodum
1099 810 1217 852 sensum
1229 812 1288 853 non
1298 793 1472 872 praebeant,

346 877 401 937 nisi
420 881 569 956 excipiant
585 882 678 941 verba
695 875 804 960 (1077.
827 877 860 958 8)

727 984 785 1041 quo
803 983 928 1041 corpora
945 983 1011 1023 cnm
1027 971 1182 1044 venerunt,

388 1051 574 1126 ponderis
592 1051 737 1112 amissa
758 1053 795 1110 vi
812 1051 928 1126 possint
944 1056 1025 1110 stare
1042 1051 1072 1109 in
1089 1051 1181 1110 inani.

347 1153 489 1214 Similiter
517 1155 591 1232 „tali
618 1152 754 1214 ratione“
780 1155 907 1229 positum
936 1157 982 1212 est
1010 1155 1026 1211 Ι
1054 1153 1126 1231 395,
1160 1173 1198 1212 00
1225 1161 1307 1213 10010
1335 1153 1473 1215 Stneren-

346 1238 469 1315 burgius
485 1241 528 1300 ita
545 1241 757 1315 interpretatus
778 1245 842 1299 est:
869 1240 943 1318 „tali
961 1239 1076 1298 ratione
1093 1244 1127 1298 ut
1142 1239 1187 1298 illi
1205 1238 1407 1299 existimant“.
1432 1271 1475 1282 -·

346 1325 456 1386 Versus
479 1344 553 1403 quos
573 1331 735 1386 tractamus
757 1328 865 1387 abesse
890 1343 978 1400 posse
1000 1343 1059 1383 non
1085 1343 1176 1404 nego,
1205 1328 1237 1384 at
1260 1327 1326 1400 quis
1343 1325 1475 1400 requirat

346 1411 420 1471 duos
436 1411 658 1490 antecedentes,
683 1413 708 1472 si
727 1413 849 1472 absint?
874 1413 966 1471 lmrno
992 1429 1058 1470 enm
1075 1412 1238 1472 offensione
1256 1416 1386 1489 careant,
1404 1409 1435 1470 1.
1452 1412 1473 1469 l.

346 1497 394 1558 vel
411 1498 547 1573 primitus
564 1498 667 1573 scripti
684 1499 832 1557 videntur.

432 1601 458 1659 V
477 1601 595 1660 1392-
605 1602 645 1660 96
665 1625 707 1653 z
724 1603 754 1659 ll
772 1601 899 1659 29-33

391 1686 567 1746 13901000
584 1688 696 1747 animos
716 1688 783 1746 ollis
802 1733 810 1746 .
830 1735 837 1747 .
856 1688 1000 1748 iuvabant

492 1791 558 1832 cnm
576 1774 681 1833 satiate
699 1773 775 1833 cibi:
793 1792 862 1832 nam
879 1777 942 1832 tum
960 1778 1027 1832 sunt
1044 1771 1176 1832 carmina
1194 1771 1286 1830 cordi.

392 1858 473 1916 1392
495 1876 585 1934 saepe
602 1861 704 1935 itaque
722 1860 801 1918 inter
819 1877 852 1919 00
868 1859 1010 1934 prostrati
1028 1859 1059 1917 in
1077 1859 1211 1934 gramine
1228 1857 1310 1916 molli

492 1949 614 2022 propter
631 1963 727 2021 aquae
744 1945 838 2004 rivom
855 1947 910 2005 sub
927 1946 1018 2004 ramis
1035 1945 1151 2004 arboris
1168 1944 1248 2002 altae

491 2049 550 2090 non
569 2032 686 2107 magnis
704 2031 809 2106 opibus
826 2030 952 2091 iucunde
970 2048 1095 2106 corpora
1112 2030 1271 2107 habebant,

491 2118 666 2192 praesertim
686 2135 751 2176 cum
770 2121 930 2192 tempestas
948 2116 1064 2177 ridebat
1082 2121 1113 2174 et
1130 2115 1200 2174 anni
1248 2147 1252 2153 ·

392 2200 474 2260 1396
492 2207 627 2278 tempora
643 2203 808 2278 pingebant
825 2202 983 2263 viridantis
1000 2203 1121 2262 floribus
1139 2201 1257 2260 herbas.

493 2295 554 2348 tum
572 2289 647 2366 ioca,
666 2293 728 2348 tum
746 2307 852 2366 sermo,
871 2295 934 2347 tum
952 2288 1054 2348 dulces
1073 2304 1139 2346 esse
1157 2286 1292 2346 cachinni

492 2380 676 2435 consuerant.

432 2453 502 2539 (Gn.
524 2462 573 2540 76,
593 2461 649 2520 To.
668 2460 741 2539 551,
759 2461 810 2520 Β1.
828 2460 914 2519 Burs.
932 2459 1069 2520 Jabresb.
1092 2458 1270 2534 1874-76,
1289 2458 1318 2515 11
1338 2451 1422 2537 187).

346 2559 401 2618 His
428 2563 564 2623 versibus
597 2564 627 2621 in
656 2564 675 2623 1.
705 2565 735 2621 ll
768 2563 889 2622 mutatis
917 2564 1074 2622 verborum
1102 2559 1283 2635 temporibus
1311 2577 1416 2619 aevum
1443 2559 1473 2620 in

347 2664 430 2705 usum
455 2665 552 2724 panea
576 2665 700 2724 poscere
724 2651 876 2726 probatur,
902 2649 933 2708 in
950 2649 971 2708 1.
991 2650 1025 2708 V.
1045 2647 1217 2722 depingitur
1233 2645 1296 2704 vita
1313 2646 1474 2720 primorum

346 2732 504 2793 hominum.
549 2736 658 2794 Tentat
675 2738 773 2793 antem
791 2753 842 2794 eos
860 2735 891 2792 in
909 2735 929 2793 l.
949 2736 974 2794 V
992 2734 1183 2792 Neumannus
1202 2733 1221 2791 l.
1240 2732 1260 2790 l.
1282 2749 1352 2807 pag.
1372 2733 1423 2791 22.
1443 2733 1473 2810 3,

347 2819 395 2878 cui
413 2817 470 2878 Gn.
488 2824 518 2879 et
533 2821 589 2879 To.
608 2821 818 2898 assentiuntur,
842 2838 906 2879 cum
927 2820 984 2880 bac
998 2819 1062 2878 fere
1078 2819 1189 2877 nitatur
1201 2818 1472 2893 argumentatione:

348 2905 498 2984 „Iucunda
517 2923 622 2980 corpus
639 2903 771 2967 haberc“
785 2900 897 2987 (1394)
909 2905 1056 2981 significat
1074 2904 1161 2982 „cibo
1180 2921 1286 2977 corpus
1301 2901 1473 2982 recreare“;

347 2992 399 3050 sed
416 3009 480 3050 cum
495 2995 584 3051 antea
599 2987 710 3075 (1391)
722 2992 831 3051 dixerit
843 2991 931 3050 Lucr.
949 2991 1083 3051 homines
1100 2989 1168 3049 illos
1185 2993 1319 3064 agrestes
1338 2993 1473 3048 cantasse

346 3095 412 3136 cum
431 3078 524 3137 saturi
542 3082 651 3155 essent,
672 3096 723 3138 000
741 3097 789 3136 vv.
810 3078 979 3135 1392-96
999 3079 1095 3135 denuo
1114 3079 1271 3134 coenantes
1289 3074 1370 3134 facit.
1409 3074 1474 3134 Hoc

345 3161 493 3239 ingratum
512 3169 566 3224 001.
610 3163 650 3222 At
667 3165 698 3222 in
716 3165 816 3226 verbis
833 3163 905 3238 ipsis
924 3161 995 3221 nihil
1014 3163 1052 3221 de
1071 3179 1172 3220 coena.
1218 3160 1249 3220 Si
1268 3179 1338 3220 vero
1359 3161 1388 3218 in
1406 3162 1426 3219 l.
1444 3161 1473 3218 11

346 3267 381 3310 00
409 3249 595 3328 pertineant,
622 3250 776 3308 tamenin
801 3251 820 3308 l.
846 3251 872 3308 V
902 3250 944 3309 eis
969 3249 1028 3307 alia
1059 3247 1206 3306 sententia
1231 3247 1352 3306 subesse
1380 3247 1474 3322 possit

345 3330 396 3415 (cf.
421 3354 472 3411 pg.
500 3330 562 3418 12).
623 3337 728 3410 ltaque
760 3335 938 3410 interpretor
972 3332 1117 3413 „iucunde
1143 3331 1406 3406 00111110101010ιι
1431 3365 1473 3374 -

346 3419 529 3496 eundemque
558 3422 588 3480 in
617 3421 735 3480 modum
763 3420 910 3498 „iucunde
935 3436 1041 3494 corpus
1067 3414 1191 3477 0111010ιι
1221 3419 1251 3475 ll
1269 3419 1308 3476 31
1328 3453 1370 3460 -
1389 3417 1473 3497 „sich

346 3503 565 3607 1101111111οη,
591 3506 656 3566 sich
682 3504 795 3582 giitlich
818 3501 967 3587 11110111),
997 3521 1093 3579 neque
1121 3503 1212 3578 igitur
1239 3503 1285 3562 bis
1314 3504 1351 3563 de
1381 3521 1473 3562 coena

346 3592 525 3738 dloltulr³orro
549 3679 739 3738 Neumannus
764 3676 868 3736 haeret
892 3676 923 3734 in
948 3675 1047 3735 verbis
1073 3693 1178 3755 „non¹
1194 3675 1344 3750 magnis
1369 3675 1473 3749 opibus

347 3763 473 3824 iucunde
499 3782 623 3839 corpora
647 3762 828 3841 habebant“,
855 3763 992 3838 quoniam
1017 3762 1077 3820 illis
1101 3761 1268 3822 hominibus
1285 3761 1383 3821 nullae
1402 3779 1473 3837 opes

435 3999 464 4068 1)
481 3997 514 4054 cl.
524 3998 588 4053 Hor.
598 4011 639 4066 ep.
659 3997 706 4063 12,
715 3996 751 4050 29
762 3995 790 4048 in
802 3998 879 4050 cute
893 3996 1043 4050 curanda
1056 3996 1116 4064 plus
1126 4011 1211 4063 aequo
1220 3998 1331 4063 operata
1339 3995 1472 4063 inventus,

763 4064 806 4118 cui
822 4064 961 4133 pulchrum
973 4064 1025 4118 fuit
1042 4065 1071 4118 in
1085 4064 1186 4118 medios
1205 4065 1353 4118 dormire
1371 4064 1427 4119 dies
1445 4070 1475 4121 et

763 4132 797 4186 ad
805 4133 948 4201 strepitum
957 4133 1074 4188 citherae
1084 4140 1216 4188 cessatum
1226 4134 1347 4188 ducere
1358 4149 1472 4189 curam.

663 4200 709 4267 14,
720 4201 753 4254 15
765 4217 807 4254 me
816 4201 942 4270 pinguem
951 4206 979 4256 01
987 4203 1101 4257 nitidum
1110 4203 1180 4256 bene
1191 4205 1306 4257 curata
1314 4209 1387 4258 cute
1396 4205 1472 4258 11000.

584 4273 632 4324 001.
651 4269 806 4336 115,38110
824 4271 1384 4340 11010111110100010011101110110111010
1402 4273 1472 4326 iube.

349 4341 440 4396 Η1111.
459 4341 486 4395 id
504 4339 610 4409 quidem
629 4340 726 4394 docent
745 4354 837 4393 curare
856 4343 951 4408 cutem,
976 4340 1126 4409 pelliculam
1144 4340 1210 4408 (sive
1230 4344 1337 4411 corpus)
1351 4357 1405 4395 non
1423 4343 1473 4397 hoc

347 4425 430 4464 unum
447 4411 535 4465 valere
557 4410 630 4473 „cibo
650 4423 743 4478 corpus
760 4413 908 4463 recreare“.

1678 4085 1683 4128 l
