3380 5306
838 473 988 530 -6-

346 646 450 706 eadem
468 643 632 720 propositio
650 643 762 704 eisdem
780 643 901 702 effertur
917 641 1032 702 verbis:

388 752 418 808 et
443 746 549 823 quibus
572 747 622 806 ille
639 747 735 806 modis
753 763 930 820 congressus
947 745 1081 804 materiai

387 833 518 897 fundarit
535 837 644 894 terram
663 832 776 892 caelum
793 848 875 890 mare
895 874 902 889 .
923 875 930 890 .
1252 829 1279 888 V
1297 830 1348 886 67.
1367 829 1386 885 8

386 917 558 994 scdqnibus
572 955 720 961 *-

387 1039 515 1045 —-—
532 1010 641 1065 terram
659 1010 690 1064 et
707 1005 822 1064 caelum
840 1003 982 1080 pontique
1000 1001 1147 1078 profunda
1232 1001 1258 1060 V
1277 1000 1350 1058 416.
1370 1001 1399 1057 7.

344 1090 408 1149 Nee
424 1090 467 1150 ita
484 1090 643 1150 dissimiles
661 1095 729 1150 sunt
747 1095 903 1164 praetcrea
920 1107 990 1148 vu:

387 1181 455 1235 snut
473 1175 566 1250 igitur
582 1177 675 1254 venti,
695 1175 841 1254 nimirum,
860 1193 986 1250 corpora
1001 1191 1094 1238 caeca
1259 1172 1273 1229 1
1291 1172 1353 1228 277

387 1279 479 1336 quare
498 1261 588 1321 etiam
607 1268 697 1338 atque
715 1261 803 1321 etiam
823 1265 891 1321 sunt
908 1261 990 1319 venti
1009 1276 1132 1333 corpora
1150 1275 1240 1317 caeca
1257 1257 1272 1314 1
1290 1255 1351 1313 295

386 1346 528 1422 temporis
553 1349 583 1406 in
611 1352 721 1423 puncto
751 1365 848 1407 rerum
880 1346 1038 1405 simulacra
1054 1343 1187 1404 ferantur
1264 1342 1305 1400 IV
1325 1341 1386 1399 164

385 1450 463 1491 nunc
481 1449 548 1510 age,
568 1452 657 1508 qnam
675 1433 765 1492 celeri
782 1439 863 1492 motu
1262 1429 1304 1486 IV
1325 1429 1385 1485 176

387 1535 475 1593 qnam
495 1519 585 1578 celeri
602 1524 684 1578 motu
721 1537 820 1578 rernm
1265 1514 1305 1572 1v
1324 1513 1387 1570 210

353 1669 356 1675 ,
386 1621 464 1662 nunc
483 1609 612 1680 eaquae
631 1604 697 1663 dico
721 1641 807 1645 ---—
1055 1601 1189 1661 femutur
1263 1600 1305 1658 IV
1323 1599 1384 1657 239

386 1707 464 1748 nunc
484 1707 561 1764 quae
579 1685 729 1752 mobilitas
747 1690 785 1748 sit
802 1688 921 1749 reddita
938 1688 1073 1748 materiai
1088 1683 1090 1767 i
1106 1686 1277 1762 corporibus
1294 1685 1324 1744 11
1344 1685 1404 1742 142

386 1780 416 1834 et
483 1811 516 1817 —
740 1776 806 1834 ollis
829 1775 1016 1835 tranantibus
1041 1791 1129 1833 auras
1143 1769 1145 1831 i
1160 1771 1278 1834 reddita
1308 1769 1346 1830 sit
1370 1765 1471 1850 (simu-

1164 1852 1266 1939 lacris)
1282 1857 1325 1916 IV
1344 1858 1403 1914 177

385 1952 486 2006 cetera
504 1945 542 2006 de
560 1963 669 2022 genere
687 1945 744 2006 hoc
761 1951 894 2006 monstra
911 1964 947 2006 ac
964 1950 1102 2022 portenta
1119 1946 1278 2020 ioquontur
1295 1943 1335 2000 IV
1354 1940 1417 1999 590

1117 2031 1239 2089 creabat
1310 2027 1426 2087 v845.

341 2118 396 2177 His
414 2116 539 2176 adnecto
558 2115 631 2176 duas
649 2116 858 2194 repetitiones,
877 2133 953 2191 qnae
971 2121 1075 2176 neutro
1093 2117 1157 2175 loco
1174 2114 1374 2193 requirrmtur,
1392 2119 1470 2172 utro

342 2220 400 2278 que
418 2207 517 2262 tamen
535 2207 623 2278 aptae
641 2207 724 2261 sunt:

384 2305 515 2364 sanctius
533 2309 563 2364 et
580 2305 671 2364 multo
690 2309 773 2363 certa
791 2281 905 2364 ratione
923 2304 1019 2379 magis
1038 2323 1126 2379 quam

383 2389 492 2466 Pythia
510 2408 586 2465 quae
604 2389 715 2465 tripodi
733 2410 752 2450 a
769 2390 884 2449 Phoebi
901 2391 1043 2465 lauroque
1061 2389 1213 2466 profatur:

340 2493 414 2552 ital
434 2492 506 2551 738.
525 2493 543 2549 9
562 2497 651 2567 potita
667 2493 858 2568 philosophos
876 2493 1019 2568 quosdam
1044 2494 1117 2553 dicit
1140 2498 1291 2567 tamquam
1317 2509 1354 2549 ex
1376 2490 1467 2564 adyto

341 2577 438 2637 cordis
454 2595 598 2653 respousa
616 2578 750 2658 dedisse,
773 2597 870 2654 neque
886 2579 982 2637 minus
1001 2580 1152 2638 commode
1177 2595 1354 2652 quamquam
1378 2575 1467 2634 auda-

341 2663 403 2724 cius
422 2663 447 2724 V
468 2666 538 2723 111.
560 2666 598 2722 12
617 2681 649 2724 se
667 2664 763 2739 ipsum
781 2665 823 2724 ait
840 2664 964 2724 fundere
983 2664 1056 2724 fata.

341 2767 548 2926 V.t}2,nitaer,s,uas
570 2849 667 2910 fundit
686 2851 787 2927 digitis
805 2854 922 2926 pulsata
942 2856 1098 2911 canentum

341 2953 454 3097 dugbus
469 2953 545 3097 ,locis
562 2949 616 3034 (IV
635 2954 708 3034 585,
726 2955 752 3012 V
772 2949 868 3037 1385)
894 2955 1005 3014 eisdem
1033 2954 1131 3016 verbis
1158 2952 1273 3032 „dulcis
1299 2949 1468 3029 querellas“

340 3055 374 3096 su
396 3056 478 3113 rungr
492 3057 535 3099 ur.

340 3140 485 3200 Versunm
504 3159 592 3216 porro
610 3143 651 3201 IV
673 3143 798 3200 180-2
811 3143 906 3203 :IV
925 3144 1071 3202 909-11

383 3227 543 3287 suavidicis
561 3228 659 3303 potius
677 3247 766 3304 quam
784 3230 883 3288 multis
900 3231 1035 3290 versibus
1055 3229 1156 3309 edam3

382 3329 493 3388 parvus
511 3317 543 3372 ut
563 3318 608 3373 cst
626 3315 712 3389 cycni
729 3314 834 3374 melior
852 3333 951 3393 canor,
971 3316 1021 3373 ilie
1040 3334 1145 3391 gruum
1164 3334 1251 3391 quam

382 3399 493 3458 clamor
510 3398 542 3456 in
561 3398 702 3458 aetheriis
721 3399 871 3474 dispersus
891 3401 1017 3460 nubibus
1035 3401 1127 3460 austri

340 3501 397 3560 duc
415 3499 533 3575 quidem
546 3501 727 3575 posteriores
740 3505 865 3577 utroque
883 3502 947 3562 loco
967 3502 1059 3561 omitti
1078 3508 1216 3582 possunt,
1235 3505 1352 3580 utrique
1367 3512 1465 3566 tamen

340 3603 392 3645 eos
409 3585 522 3659 pariter
540 3586 698 3645 convenire
716 3606 773 3646 non
793 3592 838 3648 est
860 3589 939 3663 quod
958 3587 1063 3647 dicam.

338 3689 438 3749 Verba
456 3687 583 3763 denique

381 3778 483 3833 noctes
502 3779 591 3850 atque
610 3775 673 3835 dies
692 3776 746 3835 niti
763 3782 935 3851 praestante
953 3778 1055 3836 labore
1097 3836 1102 3848 ,

383 3858 422 3917 ad
440 3875 568 3919 summas
586 3878 739 3936 emergere
758 3880 839 3942 opes,

340 3979 417 4037 quac
431 3957 485 4020 ’ΠΙ
504 3962 552 4020 62.
574 3965 592 4020 3
612 3964 751 4023 orationis
770 3969 917 4024 structura
935 3964 1116 4044 retinentur,
1142 3968 1170 4025 Π
1191 3969 1239 4027 12.
1267 3971 1305 4027 13
1325 3988 1464 4046 unacum

339 4048 392 4127 eis,
414 4064 490 4123 quae
508 4048 631 4106 alterum
651 4067 766 4108 versum
785 4051 915 4128 explent,
935 4069 1110 4129 „rerumque
1122 4052 1231 4127 potiri“
1251 4053 1331 4114 facili
1346 4057 1464 4131 quidem

339 4150 431 4209 opera
450 4133 503 4192 sed
521 4150 579 4191 non
598 4135 653 4193 nisi
671 4139 735 4194 arte
755 4135 856 4194 critica
874 4139 1042 4211 contempta
1060 4139 1209 4198 tollantur.

423 4235 641 4315 Repetiticues,
670 4254 744 4310 quas
772 4237 872 4314 attuli,
901 4239 1043 4298 molestiis
1074 4246 1191 4319 carent3
1220 4259 1297 4301 nunc
1322 4244 1464 4304 subiciam

338 4339 457 4400 paucas,
479 4340 555 4397 quae
573 4323 628 4382 etsi
647 4322 799 4382 offensioni
822 4340 888 4382 esse
911 4324 1023 4398 possint
1040 4331 1139 4384 tamen
1164 4345 1321 4402 numquam
1339 4335 1464 4389 vexatae

339 4411 416 4465 sunt.
456 4407 503 4467 Ita
520 4409 569 4468 vel
586 4408 730 4468 formulae
747 4408 895 4468 interdum
913 4409 1007 4468 minus
1025 4417 1162 4470 accurate
1180 4417 1336 4487 ponuntur.
1367 4415 1464 4474 Verba
