3380 5306
822 457 987 513 ...26-

342 623 460 700 quidem
489 642 555 686 esse
580 645 599 685 a
623 626 763 686 Lucretio
791 626 873 686 illum
906 627 1020 705 locum,
1052 625 1160 684 nedum
1189 625 1227 684 ab
1255 625 1466 700 interpolatore

342 712 541 786 exscriptum?
573 712 672 771 Verbo
696 712 785 771 liceat
810 711 955 772 adnotare
982 731 1031 770 vv.
1060 712 1132 770 698.
1160 713 1177 769 9
1203 727 1261 769 non
1287 709 1344 769 dici
1370 710 1466 769 -id

342 796 419 871 qnod
440 795 496 856 Gn.
521 798 615 857 credit
641 831 681 840 -
705 797 854 858 bominum
871 797 988 873 frugum
1014 798 1200 858 arbustorum
1226 797 1337 856 semina
1354 814 1465 872 pror-

341 897 401 940 sus
419 884 542 942 omnia
559 884 636 943 inter
653 899 685 943 se
704 881 821 943 diversa
848 901 922 963 esse,
947 885 1001 944 scd
1025 884 1131 958 negari
1152 882 1352 942 tantummodo
1370 882 1466 941 omnia

342 985 407 1028 esse
423 969 517 1048 peria,
544 975 577 1030 ut
595 988 707 1029 summa
724 970 827 1028 merito
846 970 965 1030 diversa
990 970 1111 1029 feratur.
1156 970 1189 1026 In
1209 969 1332 1027 eundem
1349 969 1465 1027 modum

341 1054 453 1129 accipio
471 1074 500 1114 v.
521 1057 593 1133 694,
613 1073 667 1114 nec
685 1057 774 1114 aliter
790 1075 819 1115 v.
835 1057 864 1115 II
880 1058 952 1134 337,
972 1057 1054 1115 cuins
1071 1055 1147 1114 haec
1164 1059 1210 1114 est
1228 1053 1388 1114 sententia:
1407 1053 1465 1129 pri-

340 1140 454 1199 mordia
479 1140 590 1200 distant
614 1140 726 1219 formis,
754 1161 813 1201 non
839 1159 897 1216 qno
919 1143 1017 1201 nullae
1040 1142 1152 1201 formae
1178 1140 1287 1199 similes
1311 1140 1386 1216 sint,
1413 1137 1466 1198 sed

341 1225 499 1300 quianon
517 1244 646 1286 omnes
664 1245 752 1302 pares
771 1233 847 1286 sunt.
888 1227 982 1300 Quam
1007 1228 1083 1287 enim
1109 1227 1167 1286 Gn.
1191 1226 1267 1284 eruit
1292 1225 1466 1286 sententiam

342 1329 420 1390 „non
446 1330 504 1388 quo
528 1313 627 1372 baud
652 1314 774 1372 multa
791 1313 898 1372 similia
916 1318 992 1392 sunt,
1012 1313 1065 1373 sed
1088 1313 1158 1387 quia
1179 1313 1285 1371 nulla
1308 1329 1356 1370 res
1381 1309 1467 1370 alteri

340 1413 461 1472 prorsus
478 1417 534 1473 par
554 1396 630 1478 est“,
649 1403 761 1474 pugnat
779 1417 844 1468 cnm
861 1403 968 1475 poetae
986 1399 1131 1478 doctrina,
1154 1416 1213 1473 qua
1230 1393 1319 1457 atomi
1337 1396 1466 1456 eiusdem

340 1481 453 1543 formae
470 1502 591 1545 numero
609 1483 739 1544 infinitae
758 1488 850 1554 sunt„

426 1586 482 1645 Vv.
511 1587 540 1645 II
569 1587 641 1646 336.
672 1588 690 1644 7
721 1589 876 1646 recurrunt
903 1586 933 1644 Π
961 1587 1032 1644 723.
1058 1587 1092 1664 43
1123 1586 1173 1661 qni
1199 1585 1335 1644 Gneissio
1358 1582 1466 1650 Tohtio

340 1671 484 1745 Briegero
521 1673 733 1732 sententiarum
765 1690 872 1731 nexum
901 1671 1115 1747 interrumpere
1143 1671 1291 1731 videntur.
1360 1669 1418 1730 Sed
1442 1670 1466 1728 si

340 1760 466 1816 mentem
491 1761 597 1833 poetae
622 1762 702 1818 reete
724 1758 882 1837 perspicio,
907 1757 1072 1816 sententiae
1097 1758 1161 1816 sine
1187 1756 1312 1817 salebris
1336 1757 1377 1815 ita
1402 1773 1466 1815 cur-

341 1846 425 1902 runt:
460 1843 541 1903 Sicut
577 1861 624 1904 res
657 1845 777 1919 genitae
809 1847 872 1903 tota
904 1846 1011 1902 natura
1041 1843 1120 1902 inter
1152 1861 1185 1902 sc
1215 1842 1371 1902 dissimiles
1399 1846 1467 1900 sunt

343 1945 369 1986 e.
399 1947 428 2004 g.
457 1933 538 1989 terra
556 1947 647 1989 -mare
675 1929 823 2008 animalia,
852 1929 896 1988 ita
919 1927 1080 2004 primordia
1109 1946 1209 1988 earnm
1235 1929 1353 1988 diversa
1374 1925 1467 1986 forma

341 2013 477 2088 praedita
505 2019 572 2074 sunt
600 2010 786 2096 (720-22)7
811 2033 870 2074 non
894 2013 1013 2089 quidem
1038 2015 1135 2074 omnia
1158 2014 1304 2092 differunt,
1333 2011 1466 2072 sednon

342 2100 441 2160 omnia
463 2106 531 2160 sunt
547 2101 632 2176 peria
655 2095 741 2181 (723.
760 2099 804 2181 4).
848 2102 941 2159 Porro
965 2117 1029 2158 cnm
1046 2101 1208 2174 primordia
1233 2100 1352 2177 distent,
1379 2099 1466 2158 etiam

341 2184 497 2246 intervalla
514 2187 582 2245 viae
600 2181 633 2267 (i.
646 2204 672 2245 e.
690 2180 822 2266 canales)
847 2181 859 2268 )
879 2229 886 2243 .
906 2229 913 2244 .
935 2229 942 2244 .
960 2190 1055 2245 motus
1074 2184 1212 2244 differunt
1229 2180 1304 2265 (725
1317 2180 1406 2266 sqq.).
1426 2218 1468 2228 —

342 2271 387 2329 De
416 2271 529 2331 ratione
557 2277 671 2350 autem,
705 2289 764 2346 qua
793 2271 932 2330 cohaeret
959 2273 1023 2329 tota
1049 2289 1119 2346 pars
1150 2272 1314 2349 718-29,
1344 2289 1421 2346 quae
1449 2287 1468 2327 a

342 2355 478 2416 Gneissio
502 2362 648 2436 tentatur,
675 2375 741 2415 eum
764 2355 1016 2435 antecedentibus,
1042 2358 1130 2432 longe
1154 2357 1239 2417 aliter
1261 2357 1356 2416 sentio
1378 2360 1467 2430 atque

340 2441 516 2518 interpretes
534 2461 645 2503 omnes.
679 2445 784 2503 Utrum
802 2445 883 2502 recte
902 2459 940 2502 an
957 2443 1053 2503 minus
1071 2443 1122 2501 alii
1139 2442 1277 2502 viderint.
1313 2443 1468 2518 Exponam

342 2545 418 2603 quae
435 2528 507 2587 mihi
524 2528 697 2588 videantur:

392 2647 428 2655 —
450 2615 528 2674 699:
552 2633 601 2674 res
619 2615 764 2690 permixto
782 2613 892 2673 semine
910 2617 1056 2674 constant.

343 2699 511 2758 700-717
521 2719 528 2759 :
556 2719 613 2759 non
637 2704 735 2759 tamen
760 2700 858 2759 omnia
882 2700 995 2758 semina
1013 2700 1185 2760 omnimodis
1202 2704 1325 2776 possunt
1343 2698 1466 2758 conecti.

553 2785 629 2844 Nam
640 2789 778 2860 portenta
790 2786 960 2863 existerent,
974 2803 1011 2844 ex
1020 2786 1144 2846 diversis
1155 2786 1288 2861 partibus
1296 2785 1466 2859 composita.

555 2868 641 2943 Quod
658 2890 716 2930 non
735 2870 798 2930 lieri
816 2871 1003 2931 manifestum
1022 2875 1076 2932 est.
1122 2872 1268 2931 Animalia
1288 2871 1367 2930 enim
1385 2887 1468 2929 suum

554 2961 674 3016 servant
691 2973 794 3032 genus.

345 3043 406 3100 718
437 3059 521 3117 sqq.:
555 3043 608 3102 sed
626 3059 685 3101 non
703 3042 842 3101 animalia
860 3042 953 3101 solum
973 3043 1063 3102 certis
1080 3043 1186 3103 finibus
1205 3041 1419 3103 discernuntur.

343 3129 406 3187 Iam
422 3127 497 3188 haec
515 3131 677 3204 sequuntur
694 3127 725 3186 in
743 3128 841 3186 libris:

558 3259 565 3274 .
586 3259 593 3273 .
613 3213 758 3289 quaedam
776 3213 852 3272 ratio
872 3211 1057 3272 disterminat
1075 3213 1178 3273 omnis.

344 3315 427 3389 Quae
446 3315 537 3376 verba
555 3315 606 3375 alii
623 3317 711 3375 aliter
728 3317 776 3374 vel
793 3316 1002 3375 intellexerunt
1019 3318 1068 3375 vel
1085 3319 1280 3376 mutaverunt.
1330 3316 1469 3392 Plerique

343 3401 537 3476 Bernaysinm
554 3401 648 3460 secuti
664 3401 834 3475 flagitarunt
852 3402 1043 3460 sententiam:

431 3487 563 3546 eadem
588 3486 664 3545 ratio
691 3485 812 3544 distinet
837 3485 961 3544 omnia
986 3486 1049 3546 siue
1073 3503 1188 3544 omne.
1232 3486 1272 3546 At
1291 3487 1470 3566 „primordia

344 3570 407 3632 fere
426 3572 529 3632 eadem
554 3572 665 3630 caelum
691 3588 772 3630 mare
797 3574 893 3630 terras
910 3571 1029 3630 flumina
1048 3572 1139 3630 solem
1158 3573 1348 3652 constituunt,
1367 3574 1470 3632 eadem

344 3657 446 3733 fruges
464 3659 585 3718 arbusta
603 3653 786 3716 animantes“
805 3657 819 3714 I
838 3658 911 3716 820.
945 3657 1024 3733 Ergo
1043 3675 1101 3715 non
1119 3657 1249 3716 eadem
1267 3659 1343 3718 ratio
1361 3663 1391 3718 et
1409 3659 1470 3717 ani-

345 3743 434 3802 malia
460 3746 489 3802 et
515 3747 628 3802 ceteras
654 3759 702 3800 res
729 3742 858 3820 distinet,
887 3742 940 3802 sed
966 3743 1170 3821 „quaedam
1193 3743 1268 3801 ratio
1287 3744 1472 3804 disterminat

345 3824 462 3888 omnia“
488 3822 539 3908 (cf.
565 3829 594 3886 Π
619 3829 680 3886 373
708 3827 852 3902 quaedam
879 3823 1041 3909 distentia).
1065 3862 1106 3870 -
1132 3827 1178 3886 Ne
1204 3833 1303 3888 tamen
1329 3828 1472 3888 informa

346 3914 482 3973 mendum
508 3912 706 3990 relinquatur,
737 3913 917 3987 corrigamus
946 3931 1012 3972 cum
1038 3912 1181 3972 Lambino
1211 3948 1245 3955 -
1275 3915 1325 3989 qni
1354 3915 1473 3990 quidem

346 3996 492 4076 „eadem“
511 3998 686 4072 scripturam
704 4002 873 4072 corruptam
890 4016 948 4056 non
965 3997 1133 4072 repudiavit
1151 4033 1192 4040 -

558 4080 703 4158 quaedam
720 4082 797 4141 ratio
815 4099 863 4141 res
881 4083 1019 4142 terminat
1037 4083 1141 4142 omnis.

345 4245 551 4254 ...—..-.—...—-

433 4333 461 4400 1)
478 4331 511 4388 ct.
532 4331 568 4386 lV
586 4332 638 4386 655
661 4333 692 4385 ut
714 4331 815 4400 figurae
838 4333 867 4385 et
884 4333 971 4385 motus
989 4334 1018 4386 et
1035 4335 1143 4387 textura
1161 4333 1295 4404 differunt,
1314 4337 1353 4395 ita
1371 4340 1474 4398 distant
1562 4299 1570 4308 -

346 4401 515 4457 foramina
532 4404 567 4455 et
583 4401 663 4454 riae.
