3380 5306
688 460 853 532 ,45-

251 640 285 697 ut
302 635 443 696 merito
462 636 543 696 celer
559 634 606 695 his
623 636 712 694 rebus
731 633 886 698 dicatur
902 635 1011 712 imago.

210 723 269 784 Sed
288 722 314 782 si
333 740 392 801 vv,
415 739 489 798 quos
507 724 677 799 tractamus,
701 738 763 780 non
787 723 826 782 ab
848 723 1061 798 interpolatore
1078 739 1095 781 e
1112 739 1161 781 vv.
1181 721 1207 782 V
1226 712 1298 781 821.
1317 721 1336 780 2

209 807 318 908 sumpti
343 812 425 886 suut,
455 807 513 867 iam
541 825 599 867 non
634 806 736 867 licebit
767 825 879 882 negare
907 808 1002 884 primo
1030 809 1094 867 loco
1124 824 1174 867 eos
1202 807 1337 883 primitus

209 898 478 1037 senpofsljgsaffl
493 955 536 1031 ='-.
552 979 582 1036 11
600 977 726 1036 ιιι-61
746 1000 788 1029 =
806 978 850 1036 111
868 979 994 1036 91-93
1013 1001 1054 1030 =
1072 977 1113 1037 ιι
1131 938 1271 1036 39-41

252 1065 338 1124 Hunc
356 1064 449 1139 igitur
465 1066 609 1123 terrorem
626 1062 717 1121 animi
732 1063 931 1139 tenebrasque
949 1067 1100 1123 necessest

251 1167 310 1209 non
329 1149 408 1208 radii
426 1149 496 1208 solis
512 1165 608 1224 neque
625 1147 725 1207 lucida
741 1147 802 1208 tela
820 1148 879 1208 diei

253 1235 412 1294 discutiant
430 1235 483 1294 sed
500 1239 625 1296 naturae
644 1234 759 1310 species
777 1234 912 1310 ratioque

296 1315 367 1402 (Gn.
386 1319 426 1378 69
445 1335 528 1399 sqq.,·
539 1321 595 1381 To.
614 1318 687 1399 552,
705 1319 757 1381 Br.
777 1315 863 1402 202).

209 1424 272 1483 llos
296 1440 344 1483 vv.
372 1421 429 1482 Gn.
454 1422 486 1482 in
510 1422 564 1483 l.I
587 1441 607 1482 a
630 1422 769 1482 Lucretio
794 1422 945 1483 abiudicat
962 1422 1146 1498 eandemque
1163 1422 1339 1483 senteutiam

210 1508 357 1584 Sanppius
382 1507 499 1567 videtur
522 1510 689 1587 amplexus,
714 1506 775 1568 ind.
800 1508 868 1569 lect.
895 1508 975 1569 Gott.
1004 1507 1088 1566 1880
1111 1526 1162 1583 pg.
1187 1508 1236 1567 13.
1280 1508 1340 1568 Pro

210 1594 307 1653 causis
325 1593 411 1653 affert
428 1592 478 1652 ille
496 1594 631 1672 primum,
651 1591 729 1668 quod
747 1596 840 1655 verba
857 1592 956 1672 „hunc
974 1597 1117 1674 terrorem
1140 1611 1213 1653 non
1236 1593 1338 1653 radii

209 1679 308 1740 solis
325 1695 447 1754 neque
473 1678 605 1738 lucida
628 1680 710 1738 tela
735 1678 813 1740 diei
837 1679 996 1740 discutient
1013 1677 1183 1739 necessest“
1205 1697 1265 1738 non
1285 1677 1337 1739 ha-

208 1766 301 1825 beant
320 1782 378 1840 quo
396 1768 541 1843 spectent,
561 1763 617 1823 nisi
635 1765 817 1839 praecedant
833 1766 935 1844 verba,
955 1782 1031 1840 qnae
1050 1765 1157 1825 ceteris
1168 1765 1241 1824 locis
1251 1783 1337 1841 prae-

211 1848 320 1911 cedunt
340 1848 452 1930 „veluti
462 1850 547 1925 pueri
564 1849 747 1929 intenebris,
765 1851 809 1910 sic
825 1870 880 1912 nos
898 1851 934 1910 in
951 1851 1038 1910 luce
1055 1848 1222 1910 timemus“.
1240 1851 1340 1926 Negat

210 1936 290 1996 enim
308 1953 344 1995 ea
361 1934 467 1995 referri
484 1934 576 1995 licere
593 1933 632 1994 ad
649 1953 697 1994 vv.
723 1936 793 1995 132.
813 1936 853 1994 33
874 1970 910 1979 —
936 1937 967 1995 id
985 1937 1065 2010 quod
1081 1935 1132 1996 Br.
1151 1940 1181 1996 et
1199 1936 1337 1996 Stueren-

110 2045 112 2049 ’
208 2022 331 2096 burgins
348 2022 504 2081 voluerunt
531 2055 568 2063 —
594 2020 732 2096 quoniam
757 2024 854 2081 terror
878 2025 1066 2098 aegrotorum
1084 2025 1115 2081 et
1132 2021 1338 2081 somniantium

208 2125 246 2167 ne
264 2112 387 2167 naturae
406 2107 525 2181 quidem
543 2106 643 2182 specie
665 2107 737 2182 pelli
760 2109 865 2182 possit.
908 2107 949 2166 At
976 2110 1145 2184 reputemus
1168 2106 1337 2168 Lucretium

209 2193 266 2254 sibi
285 2193 474 2268 proposuisse
502 2197 535 2252 nt
551 2196 674 2268 pectora
691 2193 831 2253 liberaret
848 2212 867 2252 a
885 2193 1092 2269 superstitione
1110 2193 1236 2269 aliisque
1253 2193 1337 2253 vanis

133 2328 135 2334 .
210 2279 302 2338 curis:
342 2279 402 2337 iam
426 2277 549 2354 exponit
571 2277 602 2336 in
628 2277 724 2337 fronte
748 2279 832 2354 quasi
854 2278 944 2338 totius
970 2278 1117 2338 carminis·
1132 2277 1281 2358 homines,
1307 2279 1337 2338 in

210 2364 320 2424 somnis
339 2367 369 2423 et
386 2362 555 2443 vigilantes,
577 2381 665 2422 sanos
684 2369 714 2423 et
732 2369 880 2443 aegrotos,
903 2363 1056 2424 sollicitari
1077 2364 1203 2424 maxime
1219 2365 1337 2425 simula-

211 2449 268 2508 cris
286 2453 475 2528 mortuorum,
494 2466 568 2524 qnos
585 2448 688 2508 vivere
706 2449 838 2510 credant.
874 2449 953 2524 Quid
971 2467 1081 2526 quaeso
1098 2448 1188 2528 haec,
1214 2449 1239 2509 si
1259 2449 1338 2510 huuc

210 2539 354 2595 terrorem
371 2535 483 2610 pellere
501 2552 560 2594 non
577 2534 699 2610 potest?
743 2534 830 2595 Certe
848 2534 905 2594 hoc
922 2553 954 2595 se
971 2553 1059 2611 posse
1077 2539 1129 2595 aut
1147 2533 1273 2595 confisus
1292 2541 1337 2596 est

210 2625 261 2681 aut
283 2620 433 2700 promisit,
459 2619 516 2680 nisi
542 2620 606 2695 ipse
631 2620 784 2680 consilium
808 2611 946 2681 carminis
971 2621 1085 2682 irritum
1110 2620 1209 2681 facere
1234 2622 1336 2682 voluit.

210 2707 277 2766 Non
304 2705 422 2782 quidem
447 2705 579 2781 aegrotis
602 2704 676 2781 ipsis
700 2710 729 2765 et
752 2706 965 2767 somniantibus
988 2711 1086 2766 terror
1109 2705 1200 2766 adimi
1228 2711 1336 2787 potest,

209 2796 241 2850 at
275 2792 337 2852 eius
371 2790 474 2872 timor,
517 2790 568 2866 qui
602 2791 716 2851 somnia
751 2791 873 2852 deorum
910 2793 1043 2853 occultae
1086 2791 1193 2852 mentis
1227 2789 1337 2853 indicia

210 2880 313 2956 putat,
339 2876 516 2956 dispellitur,
542 2895 607 2936 oum
627 2877 772 2936 rationem
790 2895 890 2938 eorum
907 2877 1086 2958 perspiciat3
1103 2896 1201 2954 neque
1219 2879 1336 2938 omnino

210 2964 245 3041 is,
271 2963 322 3037 qui
345 2979 518 3038 persuasum
539 2962 630 3024 habet
646 2979 724 3022 vana
747 2981 813 3023 esse
837 2964 889 3023 illa
914 2964 1081 3047 simulaqra,
1106 2965 1137 3023 in
1162 2965 1271 3024 somnis
1294 2965 1337 3024 eis

210 3049 281 3124 angi
299 3051 385 3109 solet.
424 3047 502 3108 Nam

254 3150 380 3231 „quibus
397 3149 428 3209 in
445 3150 534 3209 rebus
551 3149 674 3208 multum
691 3166 790 3208 sumus
808 3154 876 3209 ante
894 3149 999 3209 morati

252 3236 281 3296 in
300 3235 408 3297 somnis
426 3235 530 3296 eadem
547 3235 719 3311 plerumque
736 3235 870 3295 videmur
887 3233 992 3295 obire“
1019 3237 1061 3295 IV
1079 3236 1152 3296 963.
1172 3236 1222 3297 65.

210 3339 321 3400 Vereor
356 3343 454 3414 tamen
489 3341 523 3398 ut
558 3337 602 3397 ita
636 3337 812 3398 sententium
844 3338 932 3398 huius
965 3338 1024 3398 loci
1059 3343 1140 3399 recte
1168 3339 1335 3420 reddamus,

209 3424 366 3501 potiusque
402 3423 578 3484 crediderim
611 3423 710 3502 „hunc
744 3428 889 3484 terrorem
925 3421 1034 3484 animi“
1074 3426 1134 3483 146
1168 3425 1336 3501 significare

212 3516 437 3589 „terrorem,
467 3509 504 3568 de
533 3527 590 3585 quo
619 3514 688 3569 ante
724 3508 823 3589 dixi“,
854 3529 911 3570 non
941 3515 1110 3590 „certum
1143 3511 1240 3591 illum,
1278 3531 1335 3588 quo

210 3597 260 3672 qui
284 3597 385 3655 morbo
411 3594 520 3656 adfecti
545 3612 704 3671 somnoque
732 3595 840 3672 sepulti
869 3602 937 3657 sunt
961 3593 1143 3675 vexantur“,
1170 3599 1262 3658 verba
1285 3617 1336 3660 au-

209 3686 270 3742 tem
296 3700 374 3762 „non
405 3679 482 3741 radii
510 3681 582 3741 solis
607 3698 662 3740 neo
688 3680 787 3740 lucida
809 3683 870 3741 tela
897 3678 976 3740 diei“
1008 3682 1118 3757 scripta
1143 3700 1208 3742 esse
1236 3702 1337 3744 eorum

209 3785 300 3914 ῧιιὶιθιι
323 3785 399 3911 (ἐιᾶιθ
422 3767 601 3827 antecedunt
627 3771 789 3846 „terrorem
817 3767 931 3826 animi
959 3767 1267 3850 tenebrasqne“;
1296 3769 1335 3832 ci.

252 3956 328 4018 haec
346 3999 353 4016 .
373 3999 381 4016 .
400 4000 408 4016 .
428 3955 478 4031 qui
496 3960 603 4016 cuncta
620 3954 823 4031 subegerit
840 3972 877 4014 ex
895 3955 1051 4032 animoque

253 4042 452 4118 expulerit
469 4041 567 4120 dictis,
584 4059 658 4101 non
676 4041 795 4124 armis
819 4086 826 4100 .
848 4086 884 4102 ..

179 4212 182 4216 ,
209 4145 343 4206 Alterum
367 4144 497 4204 Gneissii
525 4148 746 4223 argumentum,
775 4143 855 4220 qnod
884 4142 1007 4224 „cuius“
1038 4144 1098 4202 149
1131 4145 1273 4220 respiciat
1297 4148 1335 4207 ad

210 4248 312 4291 vocem
338 4228 508 4311 „carmine“
534 4230 605 4309 143,
633 4234 714 4290 recte
738 4229 797 4290 iam
819 4230 875 4290 To.
905 4229 1063 4308 refutavit,
1087 4248 1152 4290 cum
1174 4248 1336 4306 pronomen

212 4317 286 4377 illud
304 4315 430 4376 referret
445 4315 486 4375 ad
504 4319 648 4395 „naturae
665 4315 781 4391 species
798 4314 970 4394 ratioque“;
995 4317 1048 4376 sed
1065 4313 1190 4376 fortasse
1208 4335 1246 4376 ue
1262 4317 1337 4380 haec

211 4402 329 4479 quidem
347 4399 441 4462 verba
458 4400 616 4462 audiuntur
632 4418 729 4477 neque
747 4400 827 4462 aliud
850 4401 1009 4477 quidquam
1026 4421 1055 4460 v.
1076 4401 1136 4460 149
1156 4402 1263 4464 dicitrir
1279 4405 1336 4466 nisi
