3380 5306
808 455 979 512 ..14-

326 617 448 680 Lachm.
474 617 638 682 Bentleium
664 617 780 682 secutus
813 623 923 683 delevit
949 625 1048 699 priore
1071 623 1137 681 loco
1167 623 1234 684 libri
1258 625 1315 702 vl,
1351 619 1459 683 Munro

326 708 415 768 etiam
440 703 544 767 altc'ro.
587 710 642 767 Illo
661 709 738 766 enim
764 727 821 767 non
847 709 933 768 modo
957 728 1015 768 non
1045 709 1244 788 requiruntur,
1274 712 1328 770 sed
1354 711 1458 770 similis

328 793 417 852 ctiam
435 793 583 853 antecedit
596 791 752 871 sententia,
772 801 804 853 ut
815 813 909 871 paene
921 796 1023 870 inepta
1035 794 1142 854 evadat
1154 797 1334 871 tautologia:
1354 797 1458 876 „igno-

326 879 423 938 rantia
442 897 597 938 causarum
626 881 706 955 cogit
735 895 782 938 res
811 882 850 939 ad
879 881 1033 956 imperium
1064 880 1183 940 deorum
1208 881 1357 960 conferre,
1385 900 1460 957 quas

327 964 427 1023 divino
448 965 566 1024 numine
583 964 651 1024 'fieri
673 964 805 1024 rentur“.
841 964 905 1038 Quo
924 965 956 1023 fit
973 967 1127 1040 probabile
1146 967 1388 1027 antecedentibus
1408 985 1460 1026 eos

327 1046 478 1124 tamquam
497 1046 607 1110 similes
625 1051 774 1125 appositos
794 1049 868 1128 esse,
888 1053 1060 1126 praesertim
1077 1067 1141 1110 cum
1158 1053 1252 1112 maior
1264 1054 1358 1112 'ctiam
1378 1054 1458 1115 simi-

327 1136 419 1194 litudo
438 1136 557 1194 intersit
581 1137 658 1196 inter
683 1137 761 1195 hunc
785 1138 881 1195 locum
899 1142 929 1196 et
957 1155 1022 1195 eum
1041 1139 1091 1212 qni
1112 1144 1158 1197 est
1174 1139 1206 1198 in
1224 1139 1300 1197 libro
1318 1140 1349 1218 1,
1379 1140 1459 1198 unde

328 1221 437 1296 sumpti
450 1219 594 1280 ¹videntur
612 1239 690 1300 esse3
714 1220 898 1281 conferamus
917 1222 993 1281 enim

370 1309 410 1366 Vl
422 1303 542 1382 50'sqq.
562 1324 637 1380 quac
655 1306 720 1366 fieri
737 1302 768 1364 in
786 1308 872 1366 terris
891 1309 1032 1382 caeloque
1050 1311 1168 1367 tuentur
1189 1303 1192 1388 Ι
1212 1310 1352 1368 mortales
1371 1353 1379 1368 .
1399 1354 1407 1368 .
1428 1351 1457 1388 .,

559 1392 633 1452 haec
651 1391 763 1450 faciunt
781 1394 893 1452 animos
910 1393 1027 1473 humilis
1046 1393 1201 1453 formidine
1222 1393 1319 1453 divom
1339 1438 1348 1454 .
1368 1439 1375 1454 .
1396 1439 1404 1454 .

373 1483 403 1536 et
432 1479 452 1535 Ι·
467 1477 526 1535 151
557 1479 599 1536 ita
616 1477 742 1536 formido
760 1478 891 1538 mortalis
910 1479 1039 1538 continet
1060 1523 1067 1538 .
1087 1522 1094 1537 .
1115 1523 1143 1556 .‚

538 1601 540 1604 >
561 1564 640 1637 quod
658 1565 749 1622 multa
767 1565 797 1622 iu
816 1565 903 1623 terris
915 1560 985 1623 'fieri
1003 1564 1143 1640 caeloque
1158 1567 1285 1624 tuentur.

413 1650 467 1707 Vv.
500 1649 550 1707 90.
579 1651 594 1705 1
628 1649 748 1707 Lacbm.
780 1654 881 1708 censet
897 1663 900 1670 '
916 1650 1088 1708 substitutos
1118 1666 1183 1708 esse
1212 1649 1459 1710 antecedentibus

327 1733 471 1811 85-89‚
496 1733 627 1808 quos'h.
652 1735 671 1792 l.
698 1734 832 1808 primitus
858 1735 984 1809 scriptos
1002 1740 1106 1809 postea
1123 1735 1250 1794 maxima
1276 1737 1396 1811 quidem
1421 1753 1460 1795 cx

326 1825 412 1894 parte
438 1824 507 1894 post
534 1838 561 1878 v.
582 1821 643 1876 382
670 1821 829 1879 collocatos
854 1838 919 1879 esse
946 1821 1120 1895 suspicatur.
1164 1820 1211 1881 Ab
1237 1820 1293 1880 bac
1311 1822 1462 1881 sententia

327 1924 386 1963 non
406 1907 547 1964 recedere
555 1904 701 1964 ¹uidentur
719 1907 823 1964 Munro
841 1906 1031 1964 Neomannus
1055 1905 1218 1983 Gneissius‚
1244 1907 1300 1966 nisi
1320 1908 1399 1981 quod
1421 1911 1460 1968 ab

327 1991 540 2064 interpolatore
566 1990 682 2049 additos
706 1995 820 2066 putant.
865 1990 903 2049 At
929 1991 1065 2065 quoniam
1092 1995 1121 2050 ct
1149 1991 1207 2067 ipsi
1233 1993 1283 2051 90.
1309 1995 1325 2050 l
1353 1997 1382 2051 et
1410 1993 1460 2067 qui

327 2075 507 2146 antecedunt
526 2076 656 2150 quinque
675 2076 713 2134 ad
731 2076 980 2154 rcm'pertinent,
1008 2076 1191 2135 *Lachmanni
1217 2077 1363 2136 sententia
1388 2079 1461 2136 mihi

327 2162 446 2220 videtur
463 2162 654 2235 probabilior.
700 2162 810 2220 Dubito
836 2167 932 2220 tamen
963 2180 1030 2219 num
1048 2163 1115 2222 illos
1133 2180 1237 2222 versus
1256 2181 1357 2223 omnes
1375 2163 1461 2222 iuxta

326 2247 396 2323 poni
416 2265 474 2306 non
493 2248 625 2322 potuisse
644 2253 724 2305 recte
755 2247 898 2306 statuerit.
943 2248 1062 2306 Priores
1088 2248 1165 2305 enim
1192 2249 1317 2308 dilatant
1342 2255 1460 2308 senten-

326 2333 395 2391 tiam
416 2332 639 2392 antecedentem
663 2333 760 2390 itaut
786 2332 950 2390 accuratius
969 2331 1109 2391 definiant
1134 2333 1204 2408 quid
1232 2334 1395 2393 canendum
1422 2336 1462 2394 sit

328 2420 364 2478 de
380 2417 552 2476 :fulminibus
578 2419 640 2477 sive
666 2435 741 2491 quae
768 2417 827 2475 sint
852 2418 903 2476 illa
921 2429 1028 2495 opera,
1060 2436 1183 2492 quorum
1202 2436 1306 2479 causas
1325 2418 1461 2479 homines

327 2503 429 2561 videre
451 2507 610 2577 nequeunt.
649 2503 679 2562 Si
699 2503 789 2578 igitur
808 2503 923 2564 omissis
942 2503 1000 2561 illis
1026 2522 1079 2562 vv:
1098 2503 1148 2561 90,
1174 2506 1189 2560 1
1211 2506 1286 2563 bene
1310 2505 1462 2580 excipiunt

326 2607 444 2648 versum
468 2589 518 2666 84,
543 2589 667 2647 servatis
691 2589 732 2646 eis
756 2589 895 2646 orationis
919 2589 990 2646 ordo
1009 2607 1066 2646 non
1085 2588 1202 2648 videtur
1219 2591 1399 2663 perturbari.

413 2675 457 2731 De
476 2692 524 2732 vv.
550 2673 697 2731 383-85
718 2697 759 2724 z
778 2674 904 2731 87-89
924 2673 961 2731 cf.
979 2691 1029 2748 pg.
1049 2674 1100 2732 37.

410 2847 472 2904 Iam
491 2845 666 2902 accedamus
685 2843 723 2901 ad
742 2861 792 2904 eas
810 2843 1015 2920 repetitiones,
1032 2861 1108 2917 quae
1124 2849 1193 2918 post
1205 2844 1388 2903 Lachmanni
1408 2847 1460 2904 de-

327 2949 403 2990 mum
428 2935 556 2988 aetatem
581 2931 611 2986 in
642 2928 854 2988 dubitationem
883 2933 1007 2987 vocatae
1038 2934 1114 2988 sunt.
1158 2929 1256 3003 Atque
1281 2935 1314 2989 ut
1341 2931 1460 2990 initium

327 3017 441 3092 capiam
460 3018 496 3075 ab
522 3015 574 3093 eie,
594 3013 757 3088 quaemihi
776 3014 893 3073 minime
912 3015 1050 3072 videntur
1067 3016 1176 3072 tentari
1194 3033 1301 3093 posse,
1331 3017 1461 3091 primum

327 3121 413 3178 agam
433 3101 547 3178 decis,
571 3118 647 3175 quae
667 3099 807 3158 orationis
836 3100 953 3157 vinculo
983 3117 1047 3157 cum
1065 3098 1130 3172 ipso
1150 3101 1278 3160 carmine
1298 3102 1460 3176 colligatae

292 3183 294 3188 ’
327 3193 403 3246 sunt.
448 3187 511 3246 Nec
529 3189 627 3245 tamen
645 3186 674 3242 in
695 3185 792 3243 animo
812 3189 857 3242 est
875 3203 975 3243 omnes
994 3185 1099 3243 afferre
1117 3202 1181 3263 res,
1209 3205 1246 3245 ex
1268 3187 1375 3260 quibus
1393 3205 1457 3246 um-

328 3292 414 3347 quam
434 3271 560 3346 suspicio
580 3271 667 3329 ducta
685 3275 747 3347 est3
767 3269 819 3328 scd
837 3288 912 3343 quae
928 3270 1119 3346 offensiones,
1151 3271 1207 3329 etsi
1226 3273 1263 3331 ab
1283 3272 1350 3330 aliis
1369 3289 1459 3332 excu-

265 3397 280 3404 -
327 3363 410 3416 satae
433 3363 509 3434 sirnt,
528 3353 635 3415 revera
653 3360 787 3432 exstant,
807 3372 856 3412 eas
876 3372 1031 3431 apponam,
1060 3355 1084 3412 si
1103 3353 1178 3414 forte
1201 3356 1270 3414 inde
1289 3359 1378 3416 sedes
1396 3359 1458 3432 pri-

261 3507 262 3512 *
326 3444 420 3502 maria
438 3442 578 3515 cuiusque
597 3457 700 3498 versus
719 3441 781 3498 erui
800 3439 902 3513 possit.
1102 3513 1104 3517 Ι
1177 3493 1180 3500 ,

412 3530 488 3586 Fere
507 3526 611 3585 eadem
629 3526 722 3600 igitur
739 3524 833 3583 forma
849 3527 1004 3582 recurrunt
1025 3541 1072 3581 vv.
1091 3524 1104 3581 l
1125 3525 1197 3584 635.
1218 3529 1235 3584 6
1268 3547 1306 3576 :
1345 3528 1417 3588 705.
1439 3531 1458 3587 6

369 3615 551 3688 quapropter
569 3612 618 3685 qui
636 3611 789 3669 materiem
808 3628 905 3668 rerum
924 3626 989 3668 esse
1009 3612 1148 3682 putarunt

369 3700 469 3774 ignem
487 3702 575 3772 atque
595 3715 631 3755 ex
650 3697 714 3772 igni
732 3714 874 3754 summam
894 3695 1055 3754 consistere
1073 3696 1135 3752 solo

570 3777 645 3864 (706
665 3782 826 3840 consistere
844 3774 944 3861 posse)

370 3864 537 3951 (Gneiseius
556 3869 691 3946 29-32,
711 3866 834 3925 Tohtius
854 3865 926 3942 546,
946 3864 1102 3939 Briegerus
1121 3865 1191 3924 202.
1205 3861 1247 3946 3).

327 3958 458 4030 Utroque
488 3958 552 4013 loco
581 3953 635 4012 hos
664 3970 767 4028 versus
795 3952 938 4025 genuinos
973 3965 1037 4008 esse
1066 3949 1124 4007 iarn
1146 3951 1196 4007 Bu
1226 3957 1307 4011 recte
1337 3955 1458 4014 demon-

326 4043 440 4102 stravit.
485 4039 645 4114 Respicere
663 4041 762 4096 autem
781 4036 949 4093 Lucretium
962 4031 986 4116 ¹)
1003 4035 1034 4091 in
1052 4033 1191 4093 inferiore
1210 4037 1274 4109 loco
1299 4040 1459 4100 scribendo

326 4129 509 4203 superiorem
534 4125 577 4183 ita
595 4127 628 4181 ut
647 4123 696 4181 ille
723 4122 808 4195 quasi
834 4121 994 4178 clausulam
1012 4122 1277 4192 argumentationis
1296 4126 1458 4204 contineat,

326 4214 398 4273 mibi
416 4230 473 4271 non
491 4209 648 4287 persuasit.
693 4208 770 4265 Nam
787 4205 923 4263 transitio
948 4204 1096 4262 inferioris
1118 4205 1175 4262 loci
1194 4207 1323 4280 pertinet
1342 4229 1399 4269 non
1420 4214 1460 4271 ad

413 4394 442 4466 1)
457 4395 531 4448 velut
549 4395 562 4446 Ι
579 4392 630 4445 907
649 4388 783 4458 respicere
802 4385 906 4440 videtur
923 4402 962 4438 vv.
982 4383 994 4436 l
1012 4385 1062 4438 817
1081 4401 1136 4452 sqq.
