3380 5306
815 421 980 478 ..44-

463 591 539 652 Γαΐα
557 595 679 669 μεγίστη
699 591 750 650 nat
772 586 843 661 Διὸς
861 587 977 672 Δίθίρ,

459 698 475 734 c
497 677 552 752 μὲν
573 671 749 754 ἀνθρώπων
770 678 820 737 acl
842 674 925 738 θεῶν
947 680 1082 756 γενέτωρ,

460 755 527 845 ἧδ’
552 757 722 844 ὖνριβόλονς
744 759 888 839 σιαγόνας
910 768 1007 832 νοτίας

460 833 688 927 ramessem
708 857 799 908 τίκτει
819 845 957 923 θνητούς,

461 939 551 993 ctera
573 931 605 994 δὲ
607 928 718 1036 βορὰν
740 929 823 1011 φῦλά
844 955 874 994 τι
893 931 1011 1011 θηρῶν

462 1012 557 1081 ὅθεν
577 1015 641 1080 cdx
662 1015 810 1090 αδίκως

460 1093 579 1182 μήτηρ
601 1102 748 1165 πάντων
769 1104 1010 1182 νενόμισται.

460 1186 602 1295 xmqrid'
627 1185 761 1252 ὀπίσω

460 1272 497 1336 τὰ
518 1277 573 1354 μὲν
595 1275 626 1338 ἓν
647 1281 733 1353 γαίας
754 1271 837 1356 φύντ’
860 1274 904 1346 είς
927 1278 1021 1352 γαῖαν,

461 1357 547 1424 τὰδ’
571 1356 622 1421 ἀπ’
646 1357 997 1522 αἰθερίααὶἶλαστὲντα
995 1360 1080 1437 γονῆς

461 1447 504 1518 εἰς
513 1443 657 1548 οὐράνιον
680 1445 770 1511 πάλιν
813 1449 871 1508 lde
892 1443 997 1506 πόλον·

461 1525 593 1629 θνῷσνει
608 1530 635 1593 δ’
659 1528 743 1594 addis
763 1531 823 1592 τῶν
844 1536 1032 1610 γιγνομένων,

461 1607 682 1698 διακρινόμενον
704 1614 731 1678 δ’
753 1613 825 1679 ἄλλο
844 1612 921 1699 πρὸς
941 1614 1033 1678 ἄλλον

461 1700 581 1785 μορφὴν
598 1704 697 1786 ἑτέραν
714 1698 869 1780 ἐπίδειξιν.
920 1741 922 1748 ›

421 1877 481 1938 Sed
514 1881 702 1955 ‘transeamus
736 1875 775 1937 ad
810 1879 934 1940 alterum
968 1878 1072 1955 locum,
1114 1893 1172 1950 quo
1206 1875 1281 1937 haec
1319 1877 1466 1937 sententia

334 1963 476 2024 recurrit:

421 2047 577 2109 Vrsae

377 2134 520 2210 linquitur
543 2140 576 2194 ut
593 2133 699 2194 meritc
716 2139 881 2195 maternum
898 2150 1005 2193 nomen
1027 2134 1137 2208 adepta

377 2225 458 2280 terra
478 2219 525 2299 sit,
549 2238 566 2279 e
586 2226 668 2280 terra
690 2221 828 2295 queniam
846 2225 913 2282 sunt
932 2224 1038 2280 cuncta
1056 2222 1166 2279 creata.

333 2307 373 2365 Hi
392 2324 450 2385 vv,
470 2307 576 2382 quibus
597 2305 653 2365 Gn.
679 2324 803 2381 eumque
829 2311 947 2366 secutus
973 2305 1028 2364 Το.
1048 2304 1354 2384 „argumentationem
1371 2306 1462 2366 inter·

333 2391 451 2468 rumpi“
475 2396 606 2471 censent,
624 2391 866 2452 antecedentibus
883 2391 996 2452 duobus
1014 2409 1109 2467 paene
1127 2390 1255 2467 flagitari
1273 2390 1346 2450 milri
1362 2389 1464 2452 uiden-

333 2481 391 2537 tur.
411 2477 528 2537 Etenim
547 2482 711 2557 „terram
729 2495 794 2537 esse
812 2482 937 2538 matrem
954 2494 1062 2555 rernm,
1081 2495 1139 2536 nen
1157 2489 1239 2536 mare
1257 2480 1308 2536 aut
1320 2476 1464 2556 caelum“,

334 2562 414 2639 qued
432 2562 655 2623 confirmaretur
673 2582 764 2623 eausa
781 2569 846 2625 erat
863 2565 953 2642 nulla,
972 2563 1111 2639 quoniam
1128 2565 1226 2621 terrae
1244 2563 1326 2622 notio
1341 2562 1371 2622 in
1382 2567 1465 2623 ante·

335 2648 508 2709 cedentibus
527 2649 591 2709 sine
608 2649 669 2708 nlla
686 2649 717 2707 vi
733 2650 851 2724 ponitur
869 2643 990 2730 (dicitur
1007 2649 1064 2707 ita:
1096 2647 1256 2723 primum
1272 2654 1383 2708 terram
1402 2667 1464 2710 sus-

334 2735 437 2795 tulisse
455 2734 597 2798 herbas
616 2735 884 2813 virgultaque,
902 2733 991 2792 inde
1009 2733 1086 2793 loci
1103 2733 1283 2793 mortalia
1300 2731 1464 2817 saecla);

334 2821 388 2879 sed
406 2821 431 2880 si
448 2821 568 2880 additur
586 2837 665 2898 „nen
685 2822 798 2880 eaelum
815 2824 866 2880 aut
883 2837 964 2878 mare
976 2836 1024 2879 res
1035 2816 1240 2898 procreasse“,
1259 2824 1465 2894 exspectamus

335 2906 424 2965 etiam
453 2910 485 2965 nt
513 2904 582 2964 inde
612 2905 804 2965 concludatur
833 2911 960 2986 „terra
988 2905 1079 2981 igitur
1107 2909 1201 2964 mater
1230 2910 1276 2965 est
1288 2899 1322 2986 ¹).
1374 2905 1464 2966 (luins

332 2991 499 3052 sententiae
518 2991 641 3052 formam
660 2991 823 3071 „linquitur
839 2995 872 3050 ut
894 2996 975 3051 terra
993 2990 1130 3050 merite
1149 2995 1312 3050 maternum
1330 3009 1464 3051 nomen

332 3077 481 3152 adepta
498 3073 568 3138 sit“
589 3111 630 3120 -
647 3078 679 3136 in
697 3095 757 3152 qua
775 3076 832 3138 Gn.
852 3075 974 3138 offendit
992 3076 1119 3136 -satis
1137 3075 1257 3136 delendi
1275 3081 1346 3152 pute
1365 3077 1463 3156 simili,

335 3181 414 3238 quae
433 3168 530 3223 exstat
546 3163 588 3223 IV
610 3164 672 3221 160

299 3389 302 3398 ,
420 3347 503 3401 891d
525 3346 594 3414 quod
613 3344 698 3400 nostri
716 3345 820 3400 eaelum
837 3348 995 3412 memorant,
1019 3344 1084 3400 Grai
1100 3345 1244 3428 perhibent
1261 3344 1419 3399 aethera:

421 3415 456 3469 90
473 3363 606 3496 Quidquid
626 3418 669 3468 est
685 3415 744 3480 hcc,
763 3413 852 3468 omnia
870 3413 973 3467 animat
989 3413 1088 3468 format
1104 3413 1154 3468 alit
1170 3418 1252 3481 auget
1269 3417 1344 3469 meat

423 3484 457 3537 91
473 3415 509 3537 Se
529 3431 578 3537 elrt
594 3483 651 3537 reci
670 3483 744 3550 itque
761 3484 790 3536 in
808 3498 867 3541 sese
885 3481 982 3540 emnia
1001 3481 1169 3563 omniumque
1187 3481 1257 3536 idem
1275 3487 1317 3538 est
1332 3487 1420 3551 pater,

422 3552 457 3606 92
474 3552 507 3606 In
528 3551 597 3606 dem
666 3567 709 3605 em
726 3567 811 3620 aeque
827 3550 950 3610 oriuntur
967 3551 1001 3605 de
1018 3551 1464 3651 ἰιιωςιοαῖαιιααοᾶοιιιοααίᾱιιιιὶ,

332 3621 387 3675 ut
379 3636 408 3673 m
426 3638 465 3674 vv.
483 3621 606 3675 Lucretii
623 3620 648 3673 V
665 3621 717 3674 318
734 3636 798 3689 sqq,
817 3621 863 3688 qui
880 3620 932 3674 illis
952 3619 1051 3674 similes
1069 3624 1140 3688 sunt,
1160 3622 1291 3684 ,caelum“
1309 3620 1364 3674 sive
1387 3625 1461 3684 „adr‘

332 3688 510 3757 significatum
528 3705 607 3757 quem
625 3688 691 3744 dicit
707 3689 845 3757 Pacuvius,
864 3693 947 3758 negat
964 3688 1107 3744 Lueretius
1125 3689 1216 3744 omnia
1232 3703 1344 3746 creasse.
1362 3689 1465 3758 (Aliter

333 3759 416 3812 etiem
436 3760 559 3823 ,“aether
579 3757 748 3826 accipiendus
766 3758 834 3813 est'
825 3775 855 3813 m
871 3758 980 3813 Pacuvii
997 3758 1091 3841 fragm
1109 3758 1161 3812 VH
1179 3759 1298 3813 eiusdem
1315 3758 1421 3813 fabulae

381 3843 404 3879 v.
423 3828 457 3882 93
474 3827 563 3881 Mater
581 3831 623 3881 est
640 3830 726 3881 terra.
745 3843 778 3882 ea
794 3829 866 3896 parit
884 3843 979 3896 corpus
996 3825 1113 3880 animum
1129 3831 1206 3882 aeter
1222 3828 1340 3895 adiugat,

333 3910 384 3964 quo
402 3913 425 3950 v
444 3901 500 3950 aer
517 3896 570 3950 dici
585 3896 690 3950 ridetur
707 3897 830 3963 genuisse
848 3897 932 3951 sclam
949 3895 1085 3962 animam).

420 3966 449 4034 1)
420 3963 499 4019 lei.
518 3965 544 4017 11
562 3965 631 4018 1150
649 3979 718 4031 sqq:
1001 3964 1082 4018 tellus

385 4033 430 4088 rix
447 4032 573 4156 ῗὲιιιιιιῆα
588 4048 670 4101 parua
686 4035 768 4100 creat,
786 4048 854 4100 quae
872 4036 969 4088 cuncta
986 4032 1086 4088 crearit

387 4118 448 4158 saec

387 4170 466 4238 haud,
484 4172 516 4225 ut
533 4168 635 4238 opinor,
654 4168 726 4222 enim
742 4167 867 4223 modalis
883 4170 971 4224 saecla
988 4183 1104 4238 superne

387 4255 469 4295 aurea
486 4238 520 4293 de
538 4238 612 4294 caelo
629 4235 737 4292 demisit
753 4236 849 4290 fiunis
840 4253 868 4290 ιιι
886 4253 957 4304 arva,

388 4325 439 4363 nec
456 4323 530 4362 mare
548 4323 599 4362 nec
615 4306 712 4361 fluetus
729 4305 883 4374 plangentis
901 4321 966 4361 saxa
983 4309 1117 4373 creanmt,

389 4377 451 4435 sed
468 4376 589 4448 genuit
606 4376 712 4430 tellus
730 4375 824 4430 eadem
841 4391 909 4446 quae
926 4392 997 4430 nunc
1014 4375 1062 4430 alit
1080 4391 1115 4430 ex
1132 4391 1168 4430 se.
