3380 5306
711 476 882 536 ..35-

235 652 274 709 Hi
298 670 345 709 vv.
378 652 497 727 repetiti
530 656 598 712 sunt
623 669 640 710 e
666 652 685 709 l.
715 651 739 728 I,
771 649 814 708 ita
845 655 877 708 ut
911 667 1007 728 „quae
1035 648 1110 710 n0s“
1142 651 1172 710 in
1209 652 1255 732 „si
1283 649 1361 712 non“

235 741 406 797 mutaretur.
452 737 518 810 Qua
542 738 703 797 mutatione
734 735 842 809 duplex
867 735 1024 795 difficultas
1049 741 1118 795 natu
1143 743 1197 797 est.
1234 739 1362 796 Primum

236 822 313 881 enim
338 823 432 900 deest,
458 824 559 897 quod
584 825 675 882 cimus
701 826 730 881 et
755 838 850 895 quae
874 825 1022 895 nequeant
1048 866 1054 880 .
1076 867 1082 880 .
1103 866 1111 900 ,
1136 828 1292 897 praeterea
1313 843 1362 884 vv.

236 925 300 966 cunr
319 909 563 969 antecedentibus
581 917 638 968 non
659 911 861 966 conectuntur.
891 905 1004 978 Quibus
1017 907 1054 966 de
1067 909 1162 968 causis
1178 908 1236 970 iam
1249 909 1361 968 Becke-

236 994 393 1053 muellerus
413 1010 463 1053 eos
481 1012 540 1052 una
559 1011 622 1052 cum
642 993 776 1067 sequenti
792 993 887 1050 eiecit.
929 987 1311 1073 Alii(ohrtstius,cf.ssr.1.
1329 991 1363 1076 l.)

236 1083 326 1137 antea
348 1080 483 1137 lacunam
508 1083 648 1157 statuunt,
675 1079 724 1136 Br.
751 1081 849 1136 autem
874 1091 924 1136 eos
950 1078 1091 1153 reliquias
1113 1080 1255 1154 pristinae
1275 1098 1362 1156 argu-

236 1164 424 1223 mentationis
441 1164 585 1224 uberioris
597 1165 828 1245 (verstiimmelte
840 1164 934 1223 {altere
946 1161 1096 1246 Fassrmg)
1109 1183 1174 1225 1111
1187 1167 1361 1244 suspicatur,

237 1250 339 1308 Mnnro
353 1250 479 1323 deniqne
491 1249 624 1309 defendit
635 1267 695 1328 eos,
707 1267 771 1308 cnm
785 1249 1024 1323 exsequentibus
1037 1250 1213 1328 „quaesita“
1224 1250 1362 1331 „omnia“

237 1335 381 1394 obiectum
398 1339 429 1394 11
441 1336 604 1395 subiectum
619 1353 695 1409 quae
711 1333 916 1393 desiderantur
935 1333 974 1393 ad
991 1336 1083 1394 verba
1100 1334 1231 1414 „cimus“
1247 1341 1277 1395 et
1292 1356 1361 1416 „ne-

237 1417 366 1495 1111111111ιι
382 1424 513 1480 revocat.
529 1455 564 1462 -
577 1421 646 1479 Non
661 1420 779 1494 quidem
796 1420 1036 1494 interpolatorem
1052 1438 1103 1480 eos
1122 1439 1139 1479 e
1158 1423 1177 1480 l.
1195 1424 1210 1481 Ι
1228 1422 1361 1497 deprom-

236 1507 332 1579 psisse
349 1507 398 1564 rel
421 1525 457 1566 ex
475 1507 636 1565 mutatione
655 1508 761 1584 elucet,
786 1506 960 1580 praesertim
984 1523 1048 1564 cum
1071 1512 1245 1566 conservata
1268 1507 1362 1566 forma

237 1591 338 1649 nativa
362 1593 457 1650 altera
483 1597 563 1650 certe
588 1592 724 1650 molestia
747 1592 841 1650 vitata
867 1596 945 1650 esset
969 1585 1058 1672 (quae
1076 1610 1129 1652 nos
1206 1595 1307 1672 cimus,
1326 1612 1362 1652 ea

131 1713 136 1720 ·
236 1680 341 1751 sponte
353 1693 406 1735 sua
418 1672 589 1758 nequeant).
618 1667 862 1751 Interpolatorem
874 1677 978 1752 opinor
990 1678 1066 1736 tales
1077 1679 1231 1737 molestiae
1245 1679 1360 1738 omuino

236 1779 294 1820 non
312 1760 468 1836 fugissent.
491 1761 531 1821 At
545 1762 595 1838 qui
608 1781 656 1821 vv.
670 1762 812 1821 memoria
825 1765 955 1840 tenebat,
968 1780 1033 1821 eum
1046 1761 1132 1822 facile
1144 1763 1247 1823 fallere
1259 1770 1360 1839 potue-

236 1850 313 1925 runt,
336 1865 400 1905 cum
419 1848 567 1906 scribendi
585 1847 683 1907 studio
703 1848 847 1926 ferretur3
869 1881 905 1887 -—
925 1847 1091 1906 Lucretium
1111 1854 1209 1908 autem
1228 1851 1361 1924 quamvis

238 1932 469 2010 „pedetemptim
486 1929 745 2008 progredientem“
769 1936 869 1992 tamen
886 1933 992 1992 multas
1010 1938 1111 2007 partes
1130 1935 1266 1993 carminis
1285 1937 1360 1996 cele-

236 2018 309 2076 riter
327 2016 489 2077 oonfeoisse
508 2037 524 2078 e
543 2019 740 2093 compluribus
759 2018 876 2076 iudiciis
895 2019 1033 2092 cognosci
1053 2019 1122 2078 licet
1139 2021 1221 2078 velut
1235 2037 1251 2078 e
1265 2022 1361 2096 longis

236 2102 376 2182 periodis,
396 2104 499 2178 quales
517 2108 634 2164 exstant
651 2105 666 2161 Ι
685 2104 745 2162 936
765 2121 830 2178 sqq.
850 2097 904 2184 (z
922 2104 964 2163 IV
984 2106 1021 2160 11
1041 2100 1131 2185 sqq),
1154 2106 1183 2162 Π
1203 2105 1262 2163 757
1284 2124 1359 2184 sqq,

235 2187 430 2264 1Π42511111.
444 2183 494 2270 (cf.
507 2190 602 2249 Munr.
616 2185 686 2270 ed),
700 2190 726 2248 V
738 2188 777 2246 55
791 2206 866 2267 sqq,
883 2190 908 2248 V
920 2190 981 2246 419
994 2207 1059 2264 sqq.
1074 2189 1155 2270 (zl
1169 2191 1249 2248 1021
1263 2188 1359 2272 sqq),

235 2293 284 2332 vv.
303 2275 317 2332 Ι
337 2273 439 2332 1-25
458 2277 660 2348 praetermitto
679 2275 716 2334 de
735 2274 866 2334 consilio.
882 2309 917 2315 —
932 2275 1089 2334 Notionem
1108 2277 1186 2335 enim
1202 2274 1359 2354 „frugum“

237 2359 299 2419 sive
319 2356 470 2439 „fetuum“
494 2362 560 2435 quis
580 2361 737 2439 desideret,
763 2378 828 2419 cum
855 2361 891 2418 de
920 2357 1100 2420 fecundis
1127 2361 1223 2436 glebis
1247 2362 1361 2421 dicatur

237 2439 349 2526 (210)?
383 2445 468 2504 Hanc
493 2445 588 2520 ipsam
612 2446 649 2505 ob
674 2463 737 2504 rem
754 2446 889 2504 lacunam
908 2463 966 2504 non
984 2464 1112 2520 agnosco
1134 2481 1169 2488 ἡ
1192 2464 1228 2505 ex
1247 2448 1360 2506 incerta

235 2531 382 2589 locutione
413 2529 642 2610 „quaesita“
668 2532 729 2591 213
760 2527 898 2608 „omnia“
930 2533 992 2589 214
1020 2532 1068 2590 vel
1095 2534 1212 2592 elucere
1241 2532 1360 2593 videtur

235 2619 346 2675 certam
375 2616 503 2690 aliquam
531 2635 634 2677 vocem
660 2635 718 2675 non
743 2616 938 2676 antecessisse
966 2636 1022 2695 —3
1053 2622 1200 2676 structura
1225 2636 1296 2677 vero
1324 2637 1358 2677 eo

234 2700 313 2776 quod
338 2701 484 2761 obiectum
509 2703 652 2762 omittitur
677 2721 735 2761 non
760 2702 879 2778 gravius
907 2703 1032 2761 violatur
1056 2721 1144 2777 quam
1168 2704 1256 2779 paulo
1282 2703 1359 2763 infra

234 2788 260 2846 V
279 2786 358 2846 225:
377 2806 450 2862 puer
462 2787 540 2848 iacet
550 2789 688 2864 indigusa
701 2789 801 2866 uxilio,
825 2787 1031 2862 cumprimum
1049 2789 1212 2848 inluminis
1235 2808 1302 2848 oras
1322 2835 1329 2850 .
1350 2835 1357 2849 .

233 2877 339 2932 natura
362 2872 494 2948 profudit
516 2892 557 2934 sc.
582 2892 664 2953 eum3
691 2873 717 2933 V
742 2873 821 2932 1251
843 2917 850 2932 .
872 2919 879 2934 .
898 2872 984 2933 fovea
1008 2878 1097 2949 atque
1122 2875 1185 2950 igni
1208 2877 1291 2950 prius
1315 2881 1360 2935 est

234 2959 370 3018 venarier
394 2964 487 3019 ortum
511 2977 598 3034 quam
623 2960 739 3035 saepire
765 2959 862 3035 plagis
888 2961 994 3018 saltum
1020 2960 1200 3035 canibusque
1219 2962 1297 3020 ciere
1316 2979 1357 3020 sc.

234 3044 323 3123 ieras,
342 3063 486 3119 quaevox
500 3064 529 3104 r.
545 3046 624 3103 1249
642 3045 804 3123 antecedit,
823 3045 849 3103 V
863 3045 922 3102 156
938 3045 1035 3103 dicere
1052 3089 1059 3103 .
1080 3089 1086 3103 .
1106 3045 1254 3106 bominum
1269 3065 1358 3107 causa

233 3131 362 3191 voluisse
383 3148 491 3205 parare
508 3132 692 3206 praeclaram
710 3130 810 3188 mundi
824 3134 963 3196 ‚naturam
983 3173 990 3188 .
1011 3174 1018 3189 .
1045 3149 1086 3189 sc.
1111 3128 1223 3209 „deos“
1243 3134 1357 3206 quode

236 3213 396 3296 „deorum“
429 3215 490 3273 154
514 3215 712 3275 revocandum
737 3219 798 3294 est,
828 3214 869 3274 IV
897 3216 977 3272 1139
1004 3217 1083 3289 quod
1105 3216 1225 3274 nimium
1247 3218 1358 3276 iactare

234 3306 317 3377 putat
339 3303 439 3361 oculos
461 3319 502 3361 sc.
515 3338 518 3347 ‹
530 3319 595 3361 eam
620 3319 697 3376 quae
716 3299 746 3359 in
766 3299 880 3359 deliciis
898 3305 943 3360 est
961 3304 990 3359 et
1007 3301 1153 3360 interdum
1171 3301 1202 3359 in
1220 3303 1358 3378 ambiguo

228 3389 355 3448 ‘verbum
379 3387 508 3448 iaculata
531 3387 673 3462 relinquit
697 3379 818 3468 (1137).
863 3386 1029 3446 contuleris
1055 3387 1143 3446 etiam
1166 3387 1357 3462 Π194111.;

277 3472 355 3549 quod
373 3491 467 3546 genus
486 3491 502 3532 1
520 3477 620 3532 nostro
639 3487 703 3532 com
720 3473 826 3532 missus
845 3490 968 3548 corpore
987 3474 1107 3548 sanguis

277 3559 383 3619 emicat
402 3560 536 3618 exultans
554 3559 614 3619 alte
632 3559 866 3636 spargitque
886 3576 1017 3617 cruorem
1035 3577 1076 3618 sc.
1096 3577 1211 3634 corpus.

234 3646 248 3703 l
267 3645 327 3704 351
347 3663 413 3719 sqq.
432 3649 567 3705 crescunt
584 3645 707 3704 arbusta
727 3648 756 3702 et
773 3643 851 3703 fetus
869 3644 1048 3718 intempore
1066 3643 1200 3722 fundunt,

278 3730 357 3806 quod
376 3731 458 3789 cibus
476 3731 626 3808 intotas
646 3725 699 3812 (sc.
719 3724 854 3811 arbores)
872 3747 964 3803 usque
983 3731 1021 3788 ab
1038 3729 1188 3790 radicibus
1206 3730 1272 3788 imis

276 3835 330 3892 per
347 3821 466 3876 trrrncos
484 3834 519 3876 ac
536 3833 591 3890 per
607 3833 704 3874 ramos
723 3814 893 3874 diffunditur
911 3815 1014 3874 omnis.

234 3903 350 3963 Similes
379 3902 565 3980 soloecismos
595 3905 749 3976 congestos
778 3901 909 3960 invenies
936 3901 967 3958 in
995 3900 1101 3959 Philcl.
1132 3901 1182 3979 26,
1214 3902 1285 3959 297.
1316 3935 1357 3942 -

233 3988 336 4048 Altera
361 3988 498 4065 offensio,
530 3988 608 4062 quod
633 3987 774 4046 orationis
799 3986 944 4046 vinculum
970 3984 1069 4063 deest,
1098 3985 1166 4046 ideo
1191 3985 1285 4068 leuior
1312 3990 1358 4046 est

235 4075 314 4149 quod
338 4074 384 4132 his
409 4073 543 4135 versibus
568 4074 708 4132 dilatatur
734 4073 914 4132 antecedens
939 4073 1101 4132 sententia:
1118 4150 1120 4154 Ι
1136 4073 1201 4151 „vis
1230 4070 1357 4131 bumana

234 4161 366 4220 sentibus
383 4159 496 4218 resistit
514 4162 654 4218 consueta
672 4163 782 4218 terram
799 4158 988 4234 proscindere
1007 4155 1148 4217 aratris“.
1177 4159 1241 4216 Nec
1259 4162 1357 4215 tamen

234 4247 327 4305 solam
352 4245 553 4304 dilatationem
579 4245 728 4304 continent
746 4243 799 4304 sed
823 4245 908 4303 simul
926 4245 1087 4304 orationem
1108 4244 1294 4302 continuant:
1319 4260 1356 4301 ne

234 4336 340 4391 natura
367 4349 441 4390 arva
456 4329 599 4397 ,sentibus
628 4330 769 4408 obducat,
806 4331 851 4389 vis
886 4330 1014 4390 humana
1046 4329 1213 4388 resistat
1242 4331 1358 4403 oportet

233 4417 360 4496 arando,
387 4420 506 4476 arantes
532 4416 646 4476 cimus
670 4415 771 4491 fruges
795 4417 840 4475 ad
865 4420 1004 4494 ortum,
1035 4419 1186 4473 ettamen
1211 4413 1356 4473 interdum

1119 4512 1152 4566 3*
