3380 5306
745 519 747 526 y
863 430 1070 510 -oo-¹

468 598 498 656 6.
516 597 603 658 Luor.
623 599 653 658 11
671 600 732 657 292
751 598 910 675 legendum
928 598 1065 660 videtur:

692 686 745 744 sed
763 703 800 744 ne
818 703 901 745 mens
919 686 985 761 ipsa
1002 702 1156 747 necessum

424 768 594 828 intestinum
611 767 756 830 habeat.
805 774 871 830 .et
889 771 1006 831 devicta
1030 773 1115 847 quasi
1141 767 1226 852 (‚‚id“
1244 772 1366 831 Lachm.
1386 766 1513 853 addidit)
1630 773 1631 832 ζ

1146 861 1234 957 cogat
1234 876 1269 916 ur
1221 857 1364 916 tferre
1381 857 1513 932 patique,

424 936 561 998 officit
587 935 711 1022 (obiicit)
736 941 875 1016 exiguum
900 941 1045 1001 clinamen
1067 943 1277 1018 principiorum
1303 937 1442 1023 (traditur
1461 941 1513 1020 „id

1412 1026 1468 1088 ful
1455 1022 1512 1108 ιι)

468 1162 496 1220 7.
515 1161 622 1222 Protin.
640 1163 717 1222 Enn.
740 1163 826 1242 ΠΙ,
851 1165 868 1222 6
894 1161 959 1222 ἐπεὶ
981 1162 1031 1220 καὶ
1053 1157 1085 1220 τὸ
1109 1157 1219 1220 πυκνὸν
1241 1162 1284 1259 ειῂ
1301 1183 1401 1266 χροσφ
1426 1154 1513 1222 sidau

381 1241 442 1304 dors
466 1253 655 1326 προσγίνεται
673 1269 706 1306 οο
728 1247 781 1323 γῆς
800 1252 1026 1347 προσγινομένης
1054 1241 1131 1306 ἄλλο’
1153 1268 1328 1321 ποκνοτητος
1357 1241 1375 1322 ἢ
1400 1244 1527 1322 πνξειος
1630 1253 1631 1278 ³

379 1332 502 1391 verbum
524 1331 638 1413 χρυσῷ,
668 1333 750 1392 ouius
767 1335 833 1393 loco
851 1334 1009 1408 suspiceris
1028 1334 1229 1408 reponendum
1248 1352 1313 1394 esse
1336 1331 1512 1416 κρυστάλλῳ
1630 1415 1631 1418 ¹

381 1412 469 1499 (Plat.
487 1415 565 1478 'lina
585 1418 624 1476 69
627 1413 708 1500 ,6.,)
727 1419 840 1478 servari
858 1423 956 1494 potest
974 1414 1064 1499 (Piat.
1083 1419 1159 1478 Tim.
1179 1417 1219 1476 59
1222 1415 1355 1499 ,Α..Β)

467 1556 495 1613 8.
514 1555 621 1614 Plotin.
634 1555 709 1614 Enn
722 1555 736 1612 I
755 1555 785 1634 8
804 1555 823 1611 4
841 1554 1012 1630 recipienda
1030 1557 1076 1614 cst
1094 1555 1240 1630 scriptura
1265 1554 1330 1614 cod.
1353 1555 1510 1614 Monacen-

380 1641 420 1699 sis
439 1639 462 1699 O
481 1631 543 1697 οἷόν
561 1659 633 1717 φησι
652 1633 902 1713 decimanorum
918 1641 1005 1721 μὲν
989 1626 1016 1697 οἷ
1034 1642 1144 1716 πέφυκε
1165 1635 1255 1699 κακία
1279 1639 1375 1714 ψυχῆς
1403 1643 1511 1714 ἐγγίνε·

379 1728 474 1797 σθιιις
497 1724 550 1785 sed
568 1725 647 1786 notio
665 1725 749 1786 verbi
767 1695 1005 1796 δουλωσάμενοι
1009 1729 1039 1784 et
1065 1729 1213 1784 structura
1235 1725 1325 1785 totius
1344 1727 1511 1785 sententiae

379 1811 456 1868 aliae
481 1814 589 1870 sunta
571 1815 659 1886 tque
684 1811 760 1870 Plat.
786 1810 913 1870 Phaedr.
940 1809 1000 1868 256
1021 1811 1045 1869 B
1070 1803 1288 1884 δονλιοσάμειοι
1305 1812 1387 1894 μὲν
1376 1829 1402 1870 ω
1421 1815 1511 1868 κακία

380 1892 476 1972 ψυχῆς
498 1895 663 1976 ἐνεγίγνετο,
683 1913 770 1971 quem
789 1896 885 1955 locum
903 1896 1038 1956 Plotinus
1056 1894 1208 1954 recordari
1229 1895 1356 1955 videtur.

465 2033 493 2091 9.
512 2032 600 2091 Lucr.
619 2049 677 2090 non
696 2032 768 2091 satis
784 2031 840 2090 srbr
858 2050 928 2092 cons
929 2036 983 2108 at
1003 2049 1068 2090 cum
1087 2030 1173 2090 docet
1189 2031 1231 2090 IV
1248 2031 1310 2093 834
1322 2050 1388 2108 sqq
1409 2031 1510 2112 „quod
1630 2079 1631 2090 ,

380 2121 508 2177 natumst
531 2118 562 2176 id
584 2121 721 2191 procreat
744 2133 844 2195 usum,
871 2134 926 2176 nec
947 2116 1003 2175 fuit
1021 2121 1090 2175 ante
1108 2116 1210 2176 videre
1230 2118 1379 2176 oculorum
1399 2118 1511 2176 lumina

379 2199 499 2262 natum“
519 2207 587 2261 cett.
615 2206 646 2261 et
665 2203 690 2261 V
711 2203 792 2259 1028
813 2220 879 2278 sqq.
906 2203 1038 2281 „utilitas
1057 2202 1203 2275 expressit
1221 2201 1340 2262 nomina
1356 2220 1454 2262 rerum
1474 2246 1482 2261 .
1503 2246 1510 2261 .

423 2289 504 2347 1033
524 2288 614 2347 sentit
632 2288 708 2346 enirn
727 2287 786 2344 vim
805 2288 929 2362 quisque
948 2305 1031 2346 suam
1050 2305 1107 2360 qno
1127 2285 1165 2344 ad
1183 2286 1278 2362 possit
1296 2288 1387 2348 abuti.

524 2391 633 2432 cornua
652 2377 721 2432 nata
738 2373 821 2446 prius
836 2374 928 2432 vitulo
948 2391 1035 2447 quarn
1055 2371 1201 2431 frontibus
1218 2376 1328 2451 extent,

510 2451 1269 2533 mmmmmmffi'

378 2545 495 2604 Etenim
519 2548 569 2602 ant
592 2546 730 2618 procreat
751 2543 814 2620 vis,
840 2561 916 2618 quae
942 2543 1080 2619 sentitur,
1105 2543 1237 2601 membra
1263 2577 1299 2582 —
1329 2541 1360 2600 id
1386 2542 1466 2616 quod
1492 2561 1511 2601 a

378 2630 511 2689 doctrina
532 2629 652 2704 Epicuri
670 2627 809 2688 abhorret
830 2663 872 2672 -
895 2632 1021 2689 autnon
1045 2627 1178 2706 sentitur,
1202 2631 1360 2702 antequam
1377 2627 1512 2686 membra

379 2717 480 2790 genita
499 2718 576 2775 sunt.

466 2851 515 2909 10.
534 2848 673 2907 Lucretio
691 2845 850 2922 opprobrio
868 2847 1041 2906 vertendum
1061 2853 1106 2908 est
1128 2846 1206 2923 qnod
1231 2845 1274 2904 ΙΙΙ
1295 2847 1355 2903 717
1375 2864 1441 2922 sqq.
1468 2848 1512 2906 lo-

379 2937 476 3012 quitur
495 2933 579 3010 qnasi
598 2934 729 2992 oriantur
747 2933 910 2992 animantes
929 2949 965 2990 ex
984 2933 1090 3011 anima,
1111 2951 1175 2992 cnm
1197 2937 1296 2990 tamen
1311 2932 1340 2988 H
1360 2931 1422 2990 865
1443 2951 1512 3008 sqq.

378 3027 458 3082 reete
469 3018 603 3096 probarit
619 3035 656 3078 ex
667 3017 887 3078 insensibilibus
899 3017 1051 3092 principiis
1062 3019 1160 3077 omnia
1172 3021 1307 3076 constare
1319 3012 1369 3096 (cf.
1381 3018 1410 3076 11
1423 3014 1512 3099 928).

755 4459 901 4507 Bruurvim,
923 4457 982 4505 typis
995 4455 1023 4495 u.
1037 4455 1134 4496 crunon.
