3364 5308
801 461 970 515 -10-

322 625 392 684 *VI
411 625 462 684 56.
482 628 510 704 7,
543 627 625 686 990.
645 627 703 704 913
732 627 832 701 itaque
860 627 960 686 miseri
988 628 1019 686 in
1048 634 1162 688 terrore
1190 647 1226 686 ac
1254 627 1386 686 tenebris
1415 644 1448 686 se

323 712 445 769 volvunt
464 706 551 791 (haec
563 713 709 772 sententia
720 712 749 772 in
768 713 897 771 exordiis
915 713 977 772 fere
995 715 1122 774 omnium
1140 715 1280 772 librorum
1298 707 1447 791 recurrit).

323 798 408 855 Hunc
433 801 573 872 terrorem
597 800 794 872 tenebrasque
819 799 908 856 animi
934 817 1055 858 necesse
1074 804 1120 858 est
1145 801 1257 874 pellant
1288 817 1346 856 non
1371 798 1448 856 radii

322 883 394 941 solis
419 883 473 942 sed
495 884 610 958 species
635 888 759 942 naturae
784 884 918 958 ratioque
937 880 1082 965 (ibidem).
1128 886 1212 943 Hanc
1234 885 1312 942 viam
1337 884 1448 958 primus

322 969 438 1042 aperuit
461 969 607 1044 Epicurus
636 971 723 1028 dictis
751 988 809 1028 non
837 971 926 1048 armis
958 972 1030 1029 166
1044 990 1127 1048 sqq,
1157 971 1242 1028 Vos
1255 987 1321 1044 sqq.
1376 970 1448 1028 Eius

322 1053 385 1127 ipse
416 1072 517 1129 premo
547 1055 673 1129 vestigia
701 1056 743 1112 Ill
764 1058 861 1130 lsqq.
894 1055 1076 1134 Vbbsqq.,
1104 1057 1135 1114 in
1160 1057 1322 1130 primisque
1347 1073 1447 1129 reper-

322 1143 369 1198 tus
405 1157 485 1217 surm,
523 1142 573 1215 qui
602 1140 782 1199 Graecorum
815 1147 976 1216 praecepta
1005 1141 1118 1201 Latinis
1147 1142 1240 1200 literis
1271 1142 1448 1200 illustrarem

320 1225 334 1282 Ι
353 1225 415 1283 996
428 1243 504 1300 sqq,
523 1227 589 1284 *lv
609 1229 715 1303 lsqq,
735 1227 761 1284 V
774 1227 834 1284 335
849 1245 914 1300 sqq.
944 1227 1072 1286 Difficile
1084 1227 1140 1286 boc
1152 1245 1256 1285 munus
1269 1231 1314 1286 est
1327 1230 1448 1301 propter
1549 1283 1550 1290 ,

322 1316 484 1384 egestatem
497 1313 614 1386 linguae
627 1318 657 1370 et
667 1329 766 1370 rerum
777 1313 938 1370 novitatem
949 1315 962 1370 1
975 1314 1108 1389 rso-9,
1122 1314 1183 1370 832
1196 1330 1273 1388 sqq,
1284 1313 1308 1370 V
1321 1313 1360 1369 97
1371 1330 1448 1389 sqq,

321 1395 359 1454 of.
378 1397 512 1456 111260.
552 1397 637 1469 Quod
655 1398 772 1472 quidem
792 1397 821 1455 in
840 1398 1021 1457 boemundo
1040 1398 1091 1456 fiat
1110 1403 1220 1457 certum
1239 1397 1308 1472 poni
1327 1398 1378 1455 vix
1395 1415 1448 1471 po-

322 1486 397 1560 test,
416 1480 467 1541 sed
488 1484 559 1557 quid
577 1484 672 1558 possit
690 1483 761 1542 oriri
786 1528 793 1541 .
814 1527 821 1542 .
843 1529 849 1542 .
873 1483 904 1541 id
931 1483 1023 1543 doceo
1045 1486 1204 1558 pluresque
1223 1501 1331 1557 sequor
1350 1483 1446 1557 dispo-

321 1585 392 1626 nere
410 1586 524 1644 causas,
550 1587 673 1643 quarum
697 1587 756 1644 una
779 1573 876 1628 tamen
894 1587 966 1628 vera
984 1570 1023 1628 sit
1045 1570 1070 1627 V
1089 1569 1246 1647 sao-33,
1267 1570 1306 1626 VI
1325 1570 1397 1628 703.
1417 1570 1446 1627 4.

406 1655 469 1713 Has
495 1661 525 1713 et
549 1653 595 1712 his
617 1654 727 1713 similes
751 1655 913 1713 sententias
937 1655 1085 1714 —etiam
1110 1661 1229 1729 praeter
1251 1655 1350 1732 locos,
1374 1672 1447 1728 quos

321 1739 445 1797 attuli-
467 1741 585 1815 saepius
596 1757 749 1798 recurrere
759 1758 816 1798 non
835 1740 969 1799 mirabile
988 1747 1049 1818 est,
1069 1745 1099 1798 at
1123 1741 1268 1799 interdum
1281 1740 1369 1799 etiam
1388 1741 1446 1798 sin-

321 1825 438 1898 gulares
457 1826 631 1904 sententiae,
651 1844 727 1900 quae
746 1825 783 1882 ad
802 1827 968 1884 universum
995 1843 1111 1884 carmen
1138 1827 1233 1884 minus
1251 1827 1367 1903 valent,
1393 1826 1446 1884 ite·

321 1914 432 1970 rantur.
462 1911 529 1970 Non
548 1911 614 1970 dico
633 1911 765 1970 diversas
784 1911 999 1970 confutationes
1018 1917 1047 1971 et
1066 1911 1276 1986 explicationes
1296 1929 1331 1968 ex
1344 1912 1447 1970 eodem

320 1996 438 2070 saepius
461 2001 633 2070 argumento
659 1997 789 2056 derivari
815 2032 856 2039 -
883 1999 963 2055 velut
981 1998 1121 2072 dogmata
1139 1997 1284 2056 Heracliti
1301 1997 1446 2070 Empedo-

321 2082 375 2140 clis
399 2088 563 2142 ceterorum
589 2081 839 2159 philosophorum,
864 2083 914 2157 qui
932 2102 990 2140 non
1013 2086 1126 2141 atomos
1145 2087 1175 2140 et
1192 2083 1280 2140 inane
1297 2086 1447 2156 tamquam

320 2167 467 2242 principia
489 2186 587 2226 rerum
605 2173 774 2245 posuerunt,
798 2167 902 2226 eadem
920 2168 976 2227 bac
994 2169 1107 2227 ratione
1125 2186 1255 2228 seorsum
1273 2168 1447 2226 refelluntur

322 2252 410 2330 qnod,
430 2257 462 2314 ut
481 2271 518 2311 ex
535 2254 651 2311 illorum
670 2253 821 2312 elementis
839 2271 888 2312 res
906 2255 1047 2330 oriantur,
1066 2272 1102 2312 ea
1120 2254 1186 2328 ipsa
1204 2257 1359 2331 mutentur,
1385 2272 1445 2312 mu·

320 2338 432 2397 tatione
463 2343 562 2398 autem
591 2338 797 2416 conficiantur,
834 2339 910 2397 ratio
947 2357 1064 2413 quoque
1098 2341 1281 2398 Avernorum
1318 2340 1445 2398 locorum

321 2424 361 2482 VI
379 2425 442 2482 830
455 2443 520 2499 sqq.
540 2432 570 2484 et
586 2426 732 2499 Magnetis
751 2425 858 2499 lapidis
878 2425 917 2482 VI
937 2427 1018 2482 1002
1031 2442 1097 2500 sqq.
1122 2426 1226 2484 eadem
1251 2442 1317 2484 esse
1340 2424 1447 2482 dicitur

321 2526 361 2568 sc.
388 2509 467 2585 qnod
496 2516 528 2568 ut
545 2511 621 2568 iuter
638 2515 747 2569 terram
766 2516 796 2568 et
814 2529 884 2569 aves
900 2511 943 2569 ita
959 2511 1037 2568 inter
1056 2511 1184 2585 lapidem
1203 2516 1231 2568 et
1249 2509 1358 2568 ferrum
1380 2529 1446 2584 spa-

319 2595 391 2658 tium
409 2595 534 2654 vacefiat
558 2631 607 2673 —-,
633 2595 685 2655 sed
708 2596 829 2670 dignum
854 2596 924 2654 mihi
949 2596 1066 2654 videtur
1090 2595 1167 2670 quod
1194 2595 1448 2654 animadvertatur

319 2685 437 2755 poetam
462 2683 665 2758 explicantem,
693 2700 744 2740 cur
767 2685 885 2755 praeter
910 2681 1019 2740 ferrum
1046 2682 1124 2741 aliae
1152 2699 1200 2740 res
1220 2683 1360 2756 Magnete
1389 2699 1445 2738 non

320 2766 515 2845 attrahantur,
535 2766 639 2826 eodem
656 2769 699 2825 uti
716 2767 773 2825 boc
792 2768 926 2841 exemplo
944 2768 985 2825 Vl
1003 2769 1066 2825 970

363 2852 593 2927 barbigeras
611 2853 738 2911 oleaster
756 2870 791 2910 eo
808 2853 890 2910 iuvat
908 2870 1001 2927 usque
1020 2854 1149 2926 capellas

363 2937 464 2996 effluat
481 2938 646 2997 ambrosiae
666 2939 751 3012 quasi
769 2956 840 2996 vere
859 2944 889 2996 et
906 2938 1029 2997 nectari’
1048 2939 1172 3015 linctus,

362 3041 421 3097 qua
439 3024 480 3081 nil
499 3029 544 3083 est
561 3023 701 3082 bomini
721 3024 799 3098 qnod
818 3023 940 3083 amarin’
959 3023 1097 3083 frondeat
1115 3042 1194 3083 esca.

362 3109 489 3185 denique
507 3110 705 3169 amaracinum
723 3108 831 3182 fugitat
849 3128 899 3168 sus
918 3115 947 3169 et
964 3111 1048 3169 timet
1064 3127 1149 3168 omne

360 3201 536 3270 ungentum:
562 3215 629 3254 nam
647 3195 803 3270 saetigeris
822 3197 911 3255 subus
935 3214 1023 3255 acre
1041 3196 1290 3269 venenumst,

318 3282 397 3355 quod
415 3281 442 3338 V
460 3283 521 3340 899
543 3300 588 3357 sq.

765 3365 867 3424 videre
886 3366 955 3424 licet
972 3366 1166 3440 pinguescere
1185 3380 1274 3437 saepe
1292 3364 1389 3422 cicuta

362 3452 597 3526 barbigeras
615 3451 754 3527 pecudes,
779 3451 921 3510 homini
941 3470 1016 3525 quae
1035 3455 1080 3509 est
1099 3468 1185 3508 acre
1203 3467 1388 3507 venenum

318 3535 461 3613 adhibuit,
481 3543 512 3596 ut
524 3537 686 3596 Centauros
699 3537 814 3612 Scyllas
825 3541 924 3595 cetera
941 3537 1088 3614 animalia,
1107 3555 1144 3595 ex
1162 3535 1337 3608 alienigenis
1355 3552 1443 3593 mem·
1548 3587 1563 3610 ‚

319 3621 379 3680 bris
400 3623 571 3700 composita,
590 3640 648 3680 non
667 3623 814 3682 exstitisse
832 3621 1054 3698 demonstraret,
1074 3627 1103 3681 et
1121 3623 1161 3680 IV
1178 3622 1240 3679 640
1259 3638 1302 3695 sq.

404 3709 513 3768 nobis
530 3714 677 3767 veratrum
696 3714 741 3767 est
759 3725 849 3767 acre
867 3726 1050 3768 venenum

361 3796 393 3852 at
411 3794 541 3868 capris
559 3793 664 3868 adipes
683 3798 713 3852 et
731 3794 928 3853 coturnicibus
947 3800 1036 3867 auget

318 3878 396 3936 inter
418 3880 478 3938 alia
496 3881 603 3956 attulit,
622 3886 654 3938 ut
680 3898 816 3954 saporem
835 3880 982 3938 diversum
1001 3896 1066 3938 esse
1085 3880 1268 3952 explanaret.
1310 3880 1371 3938 Ter
1388 3878 1444 3936 hoo

319 3967 454 4038 exemplo
474 3967 577 4024 eadem
590 3965 731 4040 probatur
743 3966 890 4024 sententia
910 3984 988 4043 „uon
1007 3965 1140 4024 omnibus
1159 3966 1257 4023 omnia
1275 3967 1322 4024 vel
1342 3965 1443 4024 eadem

319 4047 506 4128 convenire“,
527 4069 602 4124 quae
621 4051 738 4124 quidem
757 4051 905 4110 sententia
923 4053 989 4125 ipsa
1007 4051 1045 4108 ad
1060 4050 1178 4108 diversa
1200 4055 1373 4125 argumenta
1395 4068 1443 4108 ao-

318 4136 527 4195 commodatur.
555 4171 596 4177 —-
623 4135 700 4207 Quid
727 4136 806 4209 quod
831 4137 934 4194 eodem
956 4138 1100 4214 exemplo,
1122 4154 1180 4211 qno
1200 4137 1229 4194 in
1248 4138 1266 4194 l.
1286 4137 1299 4193 Ι
1319 4154 1444 4211 corpora

318 4238 408 4279 caeca
426 4227 543 4281 exstare
562 4221 716 4280 docemur:

361 4307 422 4364 305
537 4306 702 4380 fluctifrago
722 4324 935 4380 suspensae
954 4306 989 4365 in
1014 4307 1129 4365 litore
1152 4314 1282 4367 vestes

441 4397 592 4472 uvescunt,
613 4392 733 4452 eaedem
753 4391 909 4468 dispansae
928 4393 958 4451 in
977 4394 1038 4452 sole
1057 4400 1216 4472 serescunt,
