3380 5306
707 439 877 497 ..39-

232 609 356 668 Versum
385 610 399 667 I
427 610 488 667 429
518 609 677 684 genuinum
711 627 777 669 esse
813 609 1000 668 consentiunt
1034 627 1151 690 omnes,
1188 613 1260 671 item
1293 612 1356 671 fere

232 711 332 752 omnes
350 713 378 753 v.
396 695 410 752 l
429 695 490 752 531
510 711 576 755 esse
594 693 761 754 insiticium.
799 693 915 753 Nimiae
934 695 1011 753 enim
1029 698 1210 770 garrulitatis
1229 715 1295 758 esse
1314 698 1356 756 ait

232 779 480 854 Stuerenburgius
505 784 563 839 act.
589 798 648 840 soc.
667 777 743 856 'phil
770 778 851 856 Lips.
870 780 899 838 Π
924 781 986 838 428
1011 786 1130 856 poetam
1154 782 1226 841 illud
1250 784 1355 860 ipsum,

232 866 311 939 quod
328 867 415 939 paulo
441 883 530 940 supra
548 866 606 924 iam
632 885 664 926 se
688 866 851 926 ostendisse
877 865 1064 944 profiteatur,
1090 886 1148 927 non
1173 869 1203 927 in
1228 873 1355 928 mentem

230 950 389 1010 lectoribus
406 968 562 1010 revocasse
581 953 653 1011 satis
671 951 797 1031 habere,
817 953 872 1012 sed
889 971 937 1011 vv.
956 953 1018 1010 632
1039 970 1103 1027 sqq.
1123 953 1208 1028 quasi
1227 955 1263 1013 de
1282 955 1355 1014 inte-

231 1053 285 1110 gro
311 1052 476 1114 exponer03
506 1041 662 1112 praeterea
686 1055 723 1096 ne
748 1039 875 1097 inveniri
902 1037 1020 1113 quidem
1049 1037 1079 1096 id
1103 1038 1183 1113 quod
1212 1058 1244 1099 se
1268 1046 1357 1099 antea

232 1121 397 1180 ostendisse
415 1123 504 1181 dicat.
534 1122 575 1182 ht
592 1123 619 1182 si
636 1139 739 1182 versus
756 1123 806 1182 ille
824 1123 951 1182 refertur
969 1122 1112 1182 adunam
1131 1124 1355 1186 antecedentem

231 1202 337 1288 (530),
363 1207 405 1266 ita
427 1206 553 1268 fortasse
579 1208 723 1284 quispiam
747 1226 814 1268 eum
832 1209 973 1282 explicet:
999 1210 1053 1267 Vv.
1074 1210 1221 1268 222-25
1247 1212 1357 1270 nullam

232 1311 294 1352 rem
322 1293 466 1368 probatur
487 1293 610 1354 interire
634 1311 721 1369 posse
747 1293 803 1352 nisi
832 1299 882 1354 aut
910 1294 1039 1352 externis
1067 1294 1164 1369 plagis
1192 1297 1280 1356 iotam
1306 1301 1357 1354 aut

231 1379 347 1453 penitus
364 1383 558 1453 penetratam.
604 1379 636 1439 si
660 1380 741 1438 nulla
766 1397 830 1458 res,
855 1395 892 1438 ne
917 1378 1078 1454 primordia
1104 1374 1231 1455 quidem.
1275 1382 1356 1456 Ergo
1405 1453 1412 1460 ¹

231 1464 317 1523 huius
334 1465 391 1523 loci
411 1465 558 1524 sententia
575 1465 669 1541 possit
688 1483 753 1525 esse
771 1465 858 1524 haec:
885 1464 1050 1524 Primordia
1068 1483 1164 1540 neque
1182 1467 1279 1541 plagis
1297 1467 1356 1526 icta

230 1567 326 1624 neque
343 1554 499 1625 penetrata
515 1551 610 1610 retexi
627 1555 750 1626 possunt
765 1585 800 1594 —
814 1567 868 1609 nec
880 1549 938 1610 alia
953 1551 1067 1610 ratione
1086 1555 1196 1625 queunt
1213 1557 1356 1626 temptata

230 1635 349 1713 labare,
372 1641 405 1695 ut
426 1653 516 1710 supra
535 1637 652 1696 ostendi
669 1655 711 1696 so.
737 1637 874 1710 quoniam
893 1636 980 1696 tertia
1007 1637 1090 1695 exitii
1109 1637 1184 1696 ratio
1202 1638 1283 1697 nulla
1301 1643 1355 1697 est.

162 1791 165 1801 Ι
230 1720 290 1781 Sed
319 1725 351 1780 ιιι
379 1725 492 1780 constet
520 1721 594 1782 haec
622 1723 837 1800 interpretatio,
866 1722 960 1781 oratio
988 1721 1019 1780 in
1048 1720 1125 1781 hunc
1152 1721 1215 1783 fere
1238 1722 1356 1782 modum
1443 1729 1445 1741 '

231 1806 430 1866 continuanda
448 1811 508 1867 est:
529 1814 560 1868 at
578 1826 615 1867 ne
633 1808 692 1868 illis
709 1807 827 1882 quidem
842 1807 1003 1878 rationibus
1019 1807 1112 1867 deleri
1122 1812 1245 1882 possunt
1258 1809 1355 1886 prim,

229 1911 297 1952 nam
315 1909 412 1967 neque
431 1893 539 1952 conlidi
558 1899 644 1972 cett,
671 1894 749 1969 quod
769 1893 906 1968 quoniam
923 1911 981 1951 non
1002 1892 1049 1970 fit,
1075 1895 1197 1954 remita
1215 1893 1355 1969 expedire

229 1977 344 2038 malim:
365 1979 384 2037 l.
405 1997 430 2038 c.
450 1974 550 2060 (1222
564 1975 643 2060 sqq.)
662 1979 816 2039 materiam
833 1983 983 2037 aeternam
1000 1995 1066 2038 esse
1084 1996 1119 2038 eo
1138 1979 1356 2038 demonstratur

230 2063 307 2139 quod
327 2065 407 2124 nulla
426 2082 474 2123 res
493 2082 509 2123 e
528 2065 619 2124 nihilo
638 2066 709 2124 oriri
727 2065 825 2124 autin
844 2064 917 2122 nihil
935 2063 1033 2123 redire
1051 2065 1154 2138 possit.
1190 2064 1356 2124 Primordia

228 2153 326 2209 autem
338 2153 368 2210 et
381 2151 505 2208 materia
516 2150 595 2209 idem
613 2152 713 2210 valent
731 2145 807 2230 (510
825 2153 892 2209 sunt
909 2149 1000 2224 igitur
1018 2150 1232 2224 primordia
1250 2151 1354 2230 solida,

230 2235 290 2293 519
315 2235 479 2295 materia
504 2236 596 2310 igitur
620 2240 740 2295 aeterna
762 2253 828 2294 esse
846 2229 956 2315 dehet).
1001 2234 1088 2294 Luor.
1112 2235 1206 2310 igitur
1229 2235 1356 2296 fortasse

229 2321 306 2380 illios
325 2339 436 2380 memor
454 2320 715 2396 argumentationis
733 2337 839 2379 revera
856 2319 955 2379 dicere
973 2320 1066 2379 voluit
1091 2338 1123 2379 se
1147 2325 1235 2380 antea
1257 2326 1354 2381 osten-

230 2406 308 2465 disse
326 2404 488 2480 primordia
506 2407 606 2465 nullo
624 2407 732 2466 modo
750 2422 838 2480 posse
854 2405 958 2465 deleri.
999 2404 1058 2465 Sed
1076 2405 1134 2464 iam
1152 2424 1211 2466 non
1230 2409 1353 2482 garruli·

228 2493 299 2550 tatis
316 2491 485 2566 arguendus
504 2496 557 2551 est.
602 2493 719 2551 Etenim
743 2491 800 2550 hoc
825 2491 889 2551 loco
912 2494 1116 2566 argumentum
1141 2493 1215 2566 petit
1240 2511 1298 2552 non
1323 2499 1356 2553 ut

228 2577 278 2636 illo
297 2594 333 2636 ex
351 2579 440 2636 rebus
458 2577 577 2656 genitis,
604 2596 680 2652 quae
698 2594 795 2653 neque
813 2575 852 2636 ad
869 2577 942 2636 nihil
961 2577 1094 2637 recidere
1112 2596 1208 2652 neque
1229 2595 1245 2638 e
1263 2579 1354 2638 nihilo

228 2662 344 2722 renasci
365 2663 488 2740 possint,
514 2663 567 2722 sed
585 2681 622 2722 ex
639 2663 704 2738 ipsa
729 2668 890 2723 atomorum
915 2669 1030 2723 natura.
1076 2661 1259 2738 Quamquam
1281 2664 1355 2722 illud

227 2754 432 2824 argumentum
450 2749 545 2824 ipsum
564 2767 623 2808 non
641 2749 751 2808 certius
768 2748 919 2808 recordari
936 2747 1070 2829 videtur3
1094 2767 1162 2808 nam
1180 2750 1268 2824 paulo
1286 2754 1354 2824 post

228 2828 316 2915 (540)
334 2833 366 2892 id
383 2838 483 2893 tamen
504 2835 637 2909 quamvis
655 2835 757 2909 paucis
775 2836 905 2910 attingit.

312 2919 394 2980 Idem
412 2939 441 2979 v.
459 2920 585 2980 recurrit
602 2921 643 2980 IV
663 2921 734 2998 672,
753 2920 804 2979 uhi
820 2937 875 2994 pro
895 2918 1023 2998 „paulo“
1043 2925 1139 2981 exstat
1159 2919 1299 2998 „saepe“.

227 3003 349 3064 Lachm.
394 3023 458 3065 eum
493 3024 557 3065 cum
593 3005 782 3071 antecedenti
820 3006 880 3063 671
917 3010 984 3078 post
1025 3025 1053 3064 v.
1089 3008 1149 3064 662
1188 3007 1352 3085 collocavit,

228 3089 372 3165 quianon
391 3091 670 3169 dulciaetamara,
700 3091 755 3150 sed
781 3090 894 3149 leviora
920 3096 949 3148 et
978 3091 1130 3164 asperiora
1155 3092 1301 3150 elementa
1322 3091 1352 3150 in

227 3176 313 3236 melle
338 3177 496 3236 commixta
525 3193 590 3235 esse
619 3181 708 3235 antea
736 3175 900 3250 expositum
929 3176 976 3234 sit.
1020 3174 1060 3235 At
1085 3193 1122 3234 ne
1150 3175 1205 3233 hoc
1235 3177 1352 3250 quidem

227 3261 314 3322 Lucr.
344 3263 516 3337 exposuisse
544 3260 616 3321 mihi
643 3261 781 3337 ¹ridetur,
817 3261 924 3320 nedum
957 3277 1056 3337 saepe.
1111 3260 1249 3334 Explicat
1281 3279 1352 3321 sane

226 3349 255 3405 II
273 3349 335 3406 402
353 3348 449 3406 mellis
468 3349 612 3407 elementa
631 3365 696 3408 esse
715 3348 793 3406 levia
811 3352 841 3406 et
857 3346 994 3424 rotunda,
1018 3345 1154 3422 quoniam
1173 3362 1290 3405 sensum
1309 3348 1351 3405 iu-

228 3434 322 3493 cunde
339 3439 480 3512 tangant,
500 3432 553 3493 sed
574 3434 698 3491 111193
723 3468 766 3475 —
791 3431 845 3491 hos
868 3434 948 3492 locos
973 3433 1035 3491 vult
1052 3431 1173 3491 Lachm.
1192 3431 1352 3507 significari

228 3538 245 3578 a
262 3523 352 3594 polita
377 3553 418 3562 —-
443 3538 501 3578 non
527 3520 613 3578 docet
629 3520 769 3578 nonnulla
792 3519 936 3579 elementa
953 3518 1047 3578 mellis
1066 3535 1131 3577 esse
1149 3535 1272 3595 aspera,
1299 3520 1352 3578 sed

228 3605 348 3683 eadem,
375 3622 451 3680 quae
477 3608 565 3664 antea
584 3605 657 3664 dixit
678 3605 764 3682 levia,
792 3622 856 3665 esse
881 3605 1058 3679 asperiora
1084 3622 1190 3678 quam
1217 3621 1350 3678 aquae.

229 3690 308 3750 Cave
332 3695 431 3751 tamen
454 3690 523 3750 inde
549 3692 672 3766 colligas
696 3691 844 3764 extemplo
871 3690 952 3748 illum
981 3709 1010 3748 v.
1041 3707 1105 3748 esse
1134 3689 1351 3763 interpolatum.

227 3776 304 3835 Nam
316 3777 474 3853 explicatio
492 3776 592 3850 aliqua
608 3781 727 3851 praesto
739 3780 794 3835 est.
817 3776 902 3834 Ratio
921 3775 1007 3853 enim,
1027 3793 1079 3833 cur
1095 3775 1172 3833 idem
1186 3774 1267 3834 cibus
1285 3775 1351 3834 aliis

228 3861 330 3940 drdcis,
350 3862 416 3922 aliis
428 3879 546 3921 amarus
558 3862 605 3940 sit,
624 3861 768 3936 repetitur
785 3860 815 3920 h.
834 3863 853 3920 l.
874 3879 910 3919 ex
927 3861 1067 3920 mixtione
1085 3877 1182 3918 rerum
1198 3854 1272 3940 (656
1285 3877 1350 3935 sqq.

229 3948 274 4006 cui
289 3948 389 4007 suavis
408 3952 454 4008 est
472 3948 563 4026 cihus,
584 3947 611 4006 ei
622 3947 772 4006 levissima
790 3964 914 4021 corpora
933 3948 1032 4006 caulas
1050 3945 1143 4020 palati
1160 3945 1285 4025 intrant3
1305 3948 1350 4006 cui

228 4051 353 4112 amarus,
379 4051 486 4108 aspera
510 4037 540 4092 et
564 4027 705 4113 hamata).
749 4032 842 4092 Levia
869 4033 958 4108 igitur
986 4033 1132 4090 elementa
1160 4037 1227 4091 sunt
1244 4033 1350 4110 dulcia,

228 4137 334 4195 aspera
352 4137 462 4180 amara.
486 4114 580 4201 (Idem
598 4118 723 4178 traditur
740 4119 769 4176 11
787 4113 873 4198 402).
897 4118 1021 4192 Saepius
1039 4123 1135 4186 autem
1154 4111 1180 4197 (1
1199 4117 1259 4175 815
1274 4135 1350 4195 sqq,

226 4204 255 4263 II
274 4207 336 4263 660
348 4223 425 4285 sqq,
443 4200 496 4285 al.)
514 4205 669 4279 exponitur
686 4205 716 4263 in
734 4206 822 4265 rehus
841 4205 953 4263 semina
969 4203 1115 4279 permixta
1133 4220 1207 4280 esse,
1228 4221 1350 4277 quorum

228 4291 284 4350 sihi
303 4308 437 4366 quaeque
448 4291 582 4350 animans
594 4290 692 4366 capiat
711 4289 915 4350 convenientia
933 4285 965 4369 (i.
986 4307 1011 4348 e.
1030 4282 1153 4368 levia?),
1171 4292 1292 4362 respuat
1307 4289 1349 4347 in-

227 4375 303 4436 festa
321 4372 353 4459 (i.
373 4395 399 4436 e.
419 4395 526 4453 aspera
534 4372 571 4457 P).
615 4377 695 4452 Ergo
713 4376 801 4436 Lacr.
820 4394 884 4435 cum
904 4375 975 4434 dicit
992 4392 1025 4434 se
1043 4378 1130 4434 antea
1147 4391 1236 4450 saepe
1254 4379 1350 4434 osten-
