3380 5306
714 461 885 516 ..21-

243 628 356 686 caelum
381 646 461 688 mare
486 635 582 689 terras
604 629 723 688 flumina
748 630 839 689 solem
863 628 1043 690 constituunt
1067 634 1136 690 6611.
1180 632 1262 690 Haec
1288 631 1369 692 enini

243 715 407 789 exemplum
436 715 586 774 continent
610 714 648 774 ad
675 713 903 774 confirmandam
928 717 1151 776 antecedentem
1180 719 1365 795 sententiam,

244 818 303 874 qua
320 799 438 862 sublata
460 799 535 861 illud
555 801 585 859 in
610 818 752 876 suspenso
777 799 863 860 foret.
907 800 999 860 Simul
1023 802 1119 861 elucet
1138 820 1154 862 6
1172 819 1259 882 nexu,
1281 821 1367 879 quem

243 884 387 964 iudicavi,
417 885 584 946 Gneissium
615 905 673 945 non
701 889 782 946 recte
814 886 909 945 videri
940 893 1113 962 exspectare
1149 887 1306 966 „semper“
1336 891 1367 950 in

243 975 276 1031 6.’
297 971 358 1028 817
384 989 438 1046 pro
464 991 498 1032 eo
521 971 600 1047 quod
622 976 721 1032 exstat
739 970 869 1048 „saepe“
891 990 988 1047 neque
1012 973 1069 1032 hoc
1090 972 1133 1032 116
1151 973 1367 1034 defendendum

245 1073 311 1116 6666
336 1061 368 1116 61
384 1058 434 1118 Br.
460 1056 532 1117 facit
561 1052 658 1138 (Burs.
683 1057 817 1117 Jahresb.
848 1059 928 1115 1876
960 1059 989 1116 Η
1016 1055 1090 1138 171)
1117 1060 1251 1137 „aliquid
1276 1059 1368 1120 refert

244 1159 369 1221 semper,
399 1144 499 1218 magni
526 1142 618 1203 refert
646 1141 774 1221 saepe“,
809 1142 862 1202 sed
898 1143 939 1202 116
971 1147 1004 1202 61
1037 1150 1179 1219 urgeatur
1207 1163 1367 1220 pronomen

204 1263 210 1276 ι
247 1225 408 1306 „eadem“:
429 1246 518 1304 saepe
536 1230 585 1288 661
603 1229 704 1290 eadem
723 1228 905 1304 primordia.
919 1273 926 1287 .
940 1274 947 1288 .
961 1229 1094 1290 diversas
1111 1249 1159 1290 res
1178 1233 1366 1293 constituunt.

243 1313 339 1372 Antea
358 1315 435 1373 enim
453 1315 551 1390 agitur
569 1315 607 1374 de
625 1314 749 1374 diversis
767 1314 950 1394 primordiis,
978 1334 1036 1375 non
1055 1317 1091 1375 de
1110 1317 1234 1395 eisdem,
1261 1323 1368 1378 utnon

243 1399 332 1458 liceat
348 1400 464 1460 extolli:
490 1418 580 1475 saepe
599 1419 654 1458 66
661 1401 724 1475 gni
750 1399 856 1477 refert,
879 1400 1067 1474 primordia.
1088 1445 1095 1462 .
1115 1447 1122 1460 .
1143 1403 1229 1474 Quod
1254 1405 1367 1478 perspi-

245 1485 315 1562 cies,
334 1486 359 1543 si
374 1504 422 1547 vv.
442 1487 505 1544 813
523 1505 589 1561 sqq.
611 1487 654 1545 ita
671 1487 889 1561 interpreteris:
918 1487 1006 1546 certis
1024 1488 1062 1547 ab
1080 1488 1168 1548 rebus
1187 1489 1305 1548 aluntur
1324 1489 1366 1549 di·

242 1588 347 1630 versae
365 1572 538 1650 animantes,
556 1572 703 1650 nimirum,
722 1571 792 1647 quia
807 1571 882 1631 etsi
893 1573 986 1631 66116
1001 1574 1165 1633 66666616
1182 1578 1250 1634 6661
1268 1575 1366 1654 rebus,

244 1661 370 1716 tamen
388 1659 588 1717 multarum
607 1692 648 1701 -
668 1657 850 1717 diversarum
868 1677 1025 1718 -rerum
1049 1659 1210 1734 primordia
1226 1661 1257 1719 in
1279 1663 1367 1721 rebus

179 1777 184 1786 ·
242 1742 334 1802 mixta
351 1748 419 1803 sunt
438 1787 445 1802 .
466 1787 502 1803 ..
547 1742 690 1816 Quoniam
713 1763 760 1802 vv.
784 1745 932 1803 817-19
957 1762 1015 1803 666
1040 1745 1127 1805 modo
1155 1764 1213 1806 uon
1236 1751 1369 1822 pugnant

243 1845 308 1887 oum
337 1846 402 1904 sqq.
433 1830 580 1887 820-92
610 1863 652 1872 —
680 1833 713 1888 ut
743 1828 880 1888 Gneissio
910 1829 1149 1890 videbantur-
1173 1833 1226 1892 scd
1253 1832 1284 1890 hi
1309 1833 1368 1891 illis

243 1914 366 1974 sublatis
395 1915 512 1974 omniuo
538 1919 618 1974 stare
643 1934 702 1974 non
727 1919 866 1994 possunt,
898 1915 936 1974 ad
961 1933 1023 1974 rem
1047 1917 1120 1975 nihil
1146 1916 1218 1977 facit
1241 1917 1266 1978 si
1291 1917 1368 1978 forte

243 1999 336 2058 minus
361 2002 421 2060 late
443 2005 548 2082 patent
572 2001 602 2058 iu
625 2002 645 2059 1.
670 2001 699 2058 ΙΙ
722 1995 908 2082 (1007-9),
933 2001 984 2060 ubi
1006 2001 1115 2061 formas
1134 2004 1247 2062 colores
1265 2021 1369 2063 666666

243 2091 322 2145 6616
350 2131 356 2144 .
380 2131 388 2145 .
414 2130 421 2145 .
447 2086 672 2161 primordiorum
699 2085 776 2146 effici
800 2087 979 2164 illustratur,
1011 2106 1070 2146 non
1097 2088 1128 2146 id
1155 2090 1233 2163 quod
1258 2089 1287 2147 in
1312 2090 1332 2148 l.
1354 2090 1369 2147 Ι

244 2172 397 2250 „diversas
416 2190 478 2232 res
496 2173 647 2246 procreari
663 2176 744 2231 motu
763 2217 770 2232 .
791 2216 798 2231 .
819 2216 826 2231 .
846 2171 1004 2231 eorundem
1026 2173 1281 2248 primordiorum“.

327 2258 470 2316 Inferiore
488 2259 553 2316 loco
572 2258 639 2316 libri
657 2259 672 2315 l
690 2257 746 2317 Gn.
766 2276 824 2316 nou
843 2258 909 2317 11166
928 2277 975 2316 66.
996 2260 1083 2338 solos,
1104 2260 1157 2320 sed
1180 2278 1280 2320 omues
1298 2262 1368 2321 iude

243 2362 307 2402 66.
329 2345 389 2401 907
410 2344 448 2402 ad
466 2344 577 2421 6914
596 2343 790 2403 eliminandos
808 2361 874 2403 esse
891 2344 1018 2402 iudicat:

286 2430 346 2488 907
366 2429 464 2487 16666
482 2429 566 2488 vides
584 2429 674 2503 igitur
691 2430 779 2504 paulo
798 2431 877 2504 quod
895 2429 1021 2488 diximus
1041 2434 1112 2490 ante

366 2515 520 2590 permagni
538 2514 650 2573 referre
669 2515 772 2574 eadem
790 2515 950 2590 primordia
968 2533 1067 2594 saepe,

367 2619 431 2659 oum
450 2601 555 2674 quibus
574 2604 604 2659 et
622 2599 702 2674 quali
720 2601 853 2674 positura
871 2601 1076 2660 contineantur

287 2687 349 2744 910
368 2691 397 2744 61
417 2704 490 2761 quos
508 2686 586 2744 iuter
603 2703 634 2744 se
653 2683 724 2744 deut
740 2690 836 2746 motus
855 2687 1059 2762 accipiantque

367 2776 455 2846 atque
471 2770 574 2831 eadem
594 2773 680 2845 paulo
703 2771 781 2830 inter
799 2789 830 2830 se
848 2776 965 2832 mutata
984 2791 1086 2833 creare

364 2859 450 2933 ignes
468 2862 498 2917 et
517 2858 650 2932 lignum?
669 2875 727 2932 quo
745 2861 833 2933 pacto
853 2859 944 2918 verba
962 2877 1078 2935 quoque
1097 2859 1162 2934 ipsa

365 2945 492 3003 intense
510 2945 597 3018 paulo
615 2943 735 3002 mutatis
753 2949 820 3003 suut
838 2945 1000 3023 elementis,

366 3048 431 3089 cnm
451 3027 572 3109 „ligna“
591 3034 679 3103 atque
699 3025 824 3107 „ignes“
844 3029 984 3088 distincta
1001 3047 1074 3088 voce
1092 3034 1236 3091 6616666.

240 3113 341 3190 Negat
364 3115 440 3174 enim
465 3114 632 3173 Lucretium
659 3113 781 3173 credere
805 3114 904 3188 iguem
930 3119 960 3172 61
984 3114 1096 3189 liguum
1122 3133 1159 3172 ex
1178 3116 1288 3175 eisdem
1306 3117 1365 3176 ele-

241 3201 345 3261 mentis
364 3205 516 3278 constare,
536 3199 673 3274 quoniam
690 3201 737 3257 661
759 3199 920 3258 aetherium
946 3200 1045 3274 ignem
1070 3204 1100 3259 61
1118 3204 1288 3260 terrestrem
1307 3201 1365 3262 dis-

242 3291 352 3347 cernat.
396 3287 497 3360 Negat
521 3286 611 3361 igitur
634 3289 751 3344 exstare
770 3302 844 3361 quae
862 3283 908 3344 his
925 3285 1059 3344 versibus
1083 3279 1134 3366 (cf.
1160 3286 1257 3345 iamne
1282 3286 1366 3346 vides

241 3373 330 3448 igitur
349 3390 424 3447 quae
446 3373 534 3446 paulo
553 3371 678 3430 diximus
698 3365 778 3450 aute)
799 3371 1006 3446 comprehendi
1027 3370 1173 3431 videntur.
1199 3372 1238 3430 At
1255 3391 1283 3432 6.
1304 3374 1365 3431 909

242 3459 351 3518 diserte
378 3459 484 3517 dicitur
506 3457 622 3516 ardoris
645 3456 790 3516 elementa
814 3458 906 3516 latere
931 3458 962 3516 in
986 3459 1077 3531 liguo.
1122 3457 1227 3518 Omnia
1244 3458 1318 3532 ligni
1337 3463 1367 3518 ct

240 3545 318 3619 iguis
345 3545 489 3602 elementa
518 3544 620 3601 eadem
647 3559 712 3602 6666
741 3561 798 3601 666
828 3543 1013 3602 contenditur
1041 3537 1091 3622 (cf.
1119 3544 1180 3601 909
1208 3561 1274 3602 666
1303 3545 1366 3619 qui·

240 3632 296 3690 bus
314 3624 545 3707 contineantur);
568 3629 654 3686 immo
672 3645 709 3686 ne
728 3628 784 3686 hoc
802 3629 1006 3703 intellegamus
1024 3628 1212 3702 prohibemur
1231 3632 1365 3704 exemplo

240 3717 396 3775 verborum
420 3713 534 3792 „ligni“
562 3718 591 3772 et
619 3709 748 3793 „ignis“,
775 3732 897 3788 quorum
923 3715 1069 3772 61666616
1094 3731 1131 3772 66
1156 3715 1222 3789 ipsa
1248 3714 1366 3790 quidem

241 3801 339 3860 omnia
363 3801 466 3860 eadem
492 3804 575 3876 runt,
600 3800 653 3858 sed
677 3799 785 3876 „paulo
809 3799 886 3858 inter
909 3816 941 3857 66
967 3795 1098 3858 661616ιι
1125 3799 1145 3858 1.
1166 3817 1191 3858 6.
1219 3806 1364 3876 exparte
1434 3813 1437 3818 ’

241 3887 359 3965 quidem
383 3886 509 3945 diversa.
559 3884 645 3958 Quod
670 3885 695 3943 si
721 3884 763 3943 ita
787 3889 840 3962 est,
869 3902 916 3943 66.
943 3883 1020 3960 quod
1044 3889 1250 3946 removeantur
1276 3904 1365 3946 causa

241 3991 299 4032 nou
315 3977 421 4032 exstat.

325 4059 381 4117 116.
400 4059 428 4115 Il
448 4057 594 4115 760-62
614 4074 678 4114 666
697 4056 941 4116 antecedentibus
959 4056 1002 4117 ita
1020 4056 1123 4115 conexi
1149 4063 1229 4117 sunt:
1264 4059 1289 4116 si
1307 4059 1366 4134 pri·

241 4145 355 4204 mordia
372 4145 451 4202 nullo
470 4143 567 4201 colore
586 4141 721 4216 praedita
740 4145 807 4200 suut
826 4146 855 4200 et
873 4143 990 4200 variant
1008 4143 1120 4202 colores

285 4234 442 4304 propterea
455 4223 570 4307 (codd.:
590 4222 758 4308 praeterea)
777 4228 878 4302 magni
897 4228 974 4302 quod
993 4227 1084 4288 refert
1102 4228 1214 4287 semina
1232 4246 1367 4303 quaeque

285 4332 348 4374 cum
368 4315 474 4388 quibus
492 4319 521 4373 et
540 4313 620 4387 quali
640 4314 771 4387 positura
790 4315 995 4372 contineantur

286 4405 316 4460 61
333 4418 407 4475 quos
425 4401 501 4458 inter
520 4417 551 4458 se
571 4398 642 4474 dent
660 4404 755 4458 motus
774 4399 988 4475 accipiantque,
