3380 5306
697 471 868 528 ..27-

311 635 452 697 Versibus
469 638 499 695 11
517 636 642 698 tau—7

268 722 381 781 semina
398 739 464 782 cum
482 740 570 798 porro
589 723 700 785 distent
717 724 836 786 (11119119
854 731 1008 788 necessust

267 808 426 868 intervalla
443 809 507 868 vias
526 827 653 871 conexus
672 814 804 886 pondera
821 813 928 888 plagas

269 911 426 953 concursus
444 899 539 954 motus

225 979 336 1038 similes
353 984 420 1038 sunt
438 999 485 1039 vv.
504 981 546 1040 IV
564 983 636 1040 649.
656 981 698 1040 50

267 1065 379 1124 semina
397 1083 462 1125 cum
480 1084 568 1141 porro
587 1066 706 1147 distent,
726 1069 845 1129 differre
863 1073 1015 1130 necessest

267 1150 425 1210 interualla
442 1146 592 1235 vias(que)
612 1198 619 1213 .
640 1198 647 1213 .

225 1254 251 1312 V
268 1253 341 1311 441.
362 1254 380 1309 9

266 1337 424 1398 intervalla
441 1338 505 1398 vias
524 1357 651 1400 conexus
668 1341 802 1416 pondera
818 1341 924 1417 plagas

268 1441 426 1483 concursus
444 1428 540 1485 motus
560 1469 567 1485 .
589 1469 596 1486 .

224 1527 238 1584 I
257 1527 329 1586 633.
348 1527 368 1583 4

268 1656 276 1672 .
296 1657 304 1672 .
322 1630 450 1672 conexus
467 1612 600 1687 pondera
616 1614 722 1691 plagas

268 1716 426 1758 concursus
444 1703 538 1759 motus
558 1744 565 1758 .
586 1744 593 1759 .
614 1745 622 1778 ,

225 1784 276 1857 qui
294 1785 365 1859 quin
384 1784 492 1859 integri
510 1786 569 1844 sint
586 1803 672 1845 nemo
690 1787 746 1846 erit
764 1788 814 1863 qui
832 1787 958 1847 dubitet.

309 1887 415 1945 1919.
436 1888 476 1944 20
495 1911 535 1938 :
553 1889 582 1946 Π
601 1890 673 1949 976.
693 1892 711 1947 7

267 1971 318 2030 fiet
334 1973 377 2031 uti
394 1972 455 2032 risu
473 1975 597 2033 tremulo
616 1992 760 2034 concussa
778 1975 954 2035 cachinnent

267 2061 297 2116 et
312 2057 440 2118 lacrimis
455 2059 541 2118 salsis
557 2064 705 2120 umectent
724 2078 776 2119 ora
793 2079 945 2136 genasque

267 2138 308 2224 (Η
326 2145 387 2202 976
407 2144 521 2204 scilicet
540 2149 569 2206 ct
588 2189 595 2204 .
615 2189 623 2204 .
643 2190 650 2205 .
670 2146 847 2214 cachinnant

267 2273 274 2288 .
296 2273 303 2288 .
323 2230 451 2288 lacrimis
469 2234 613 2306 spargunt
629 2233 824 2292 rorantibus.
845 2227 866 2314 .)

223 2331 263 2389 Hi
284 2350 342 2408 vv,
362 2332 459 2406 quiin
477 2333 496 2393 1.
512 2335 527 2391 Ι
543 2333 649 2392 tentati
666 2339 743 2412 sunt,
762 2352 826 2392 cum
845 2333 978 2411 Briegeri
995 2332 1237 2410 interpretatione
1253 2327 1350 2412 (Burs.

223 2415 359 2476 Jahresb.
375 2419 466 2496 1876,
485 2419 523 2496 11,
539 2413 612 2500 175)
628 2419 699 2478 satis
715 2418 918 2499 defendantur,
934 2420 965 2478 in
981 2421 1023 2479 eis
1038 2438 1096 2479 non
1108 2422 1224 2495 oportet
1236 2418 1351 2493 lougius

223 2519 381 2562 versemur.
433 2501 477 2562 Ac
495 2521 532 2563 ne
556 2505 587 2563 id
611 2505 728 2578 quidem
750 2523 804 2579 pro
823 2510 902 2566 certo
920 2507 1066 2582 posuerim
1085 2507 1127 2566 ibi
1145 2523 1196 2565 eos
1214 2523 1272 2564 non
1290 2504 1350 2579 pri-

222 2588 309 2648 mitus
328 2589 454 2663 scriptos
473 2606 548 2650 esse.

305 2675 320 2731 I
343 2675 435 2734 1079.
456 2677 497 2733 80
516 2699 557 2728 ;-.
575 2676 604 2735 11
623 2676 695 2736 936.
716 2677 734 2733 7

262 2777 318 2819 199
336 2759 415 2834 quod
434 2761 522 2821 inane
540 2765 639 2821 autem
664 2765 710 2821 est
731 2761 784 2821 ulli
802 2762 964 2822 subsistere
983 2761 1080 2842 debet,

264 2845 343 2924 quin,
363 2863 416 2905 sua
434 2847 513 2922 quod
531 2852 637 2907 natura
654 2847 739 2926 petit,
759 2848 922 2908 concedere
941 2853 1058 2925 pergat.

319 2931 347 2989 11
363 2933 423 2990 236
439 2935 570 3008 tempore
588 2933 676 2992 inane
693 2938 792 3009 potest
808 2952 932 2994 vacuum
951 2935 1110 2996 subsistere
1128 2928 1194 3016 rei).

319 3018 376 3077 Gn.
398 3016 447 3096 75,
466 3019 520 3078 To.
541 3018 682 3098 55191.
702 3015 789 3100 207).

221 3119 403 3180 Sententiam
432 3138 491 3179 non
519 3121 645 3179 alienam
675 3138 740 3181 esse
763 3122 794 3180 in
823 3121 842 3180 l.
864 3122 889 3199 l,
913 3121 963 3181 ubi
988 3120 1045 3180 Gn.
1074 3137 1177 3179 versus
1206 3121 1349 3182 insiticios

222 3223 287 3265 esse
312 3209 413 3264 censet
431 3239 473 3248 —
491 3207 545 3266 To.
564 3206 621 3265 hoc
638 3225 698 3265 non
714 3210 815 3284 negat,
840 3207 890 3265 Br.
910 3224 960 3266 eos
978 3208 1042 3265 vult
1058 3205 1189 3286 retineri,
1213 3207 1349 3282 quamvis

222 3290 398 3366 displiceant
423 3325 464 3334 -
490 3297 523 3352 ut
539 3293 702 3370 ostendam,
728 3293 831 3368 paucis
849 3310 956 3351 nexum
975 3291 1144 3368 explicabo:
1166 3292 1225 3351 Res
1243 3310 1302 3351 non
1320 3292 1350 3351 in

222 3378 351 3436 medium
369 3377 512 3455 nituntur,
531 3396 598 3437 nam
617 3378 647 3436 in
665 3377 778 3438 infinito
796 3376 870 3438 nihil
889 3382 934 3438 est
951 3378 1088 3456 medium,
1108 3395 1162 3437 nec
1180 3377 1207 3438 si
1223 3378 1283 3438 iam
1301 3378 1348 3457 sit,

265 3457 376 3543 (1072)
394 3463 487 3538 possit
504 3464 546 3525 ibi
564 3463 721 3539 quicquam
739 3465 902 3524 consistere
920 3481 988 3523 nec
1005 3463 1127 3539 magis
1151 3481 1236 3524 esse

393 3567 479 3623 quam
498 3549 602 3625 quavis
620 3550 678 3608 alia
696 3551 783 3625 longe
801 3550 967 3625 regione
986 3551 1146 3609 diversa
1164 3544 1313 3632 (remota),

222 3629 277 3715 (ita
294 3632 325 3692 hi
342 3652 391 3693 vr.
410 3631 536 3694 fortasse
554 3635 670 3694 restitui
687 3631 835 3716 possunt);
855 3635 948 3694 omnis
964 3635 1041 3695 enim
1056 3636 1139 3695 locus
1155 3636 1217 3694 sive
1235 3634 1349 3695 medius

222 3719 284 3780 sive
302 3737 360 3778 nou
378 3720 492 3800 medius
512 3738 607 3796 aeque
629 3721 792 3780 concedere
810 3721 898 3780 debet
919 3721 1110 3798 ponderibus,
1134 3724 1240 3780 motu
1258 3738 1347 3795 quo·

223 3823 375 3879 cumque
393 3803 527 3865 feruntur
546 3801 600 3887 (ita
615 3805 801 3865 scribendum
820 3805 945 3884 videtur,
966 3805 1003 3865 cf.
1016 3806 1118 3865 11239
1132 3807 1229 3866 omnia
1242 3806 1350 3868 debent

221 3909 276 3967 per
301 3891 389 3950 inane
412 3909 507 3967 aeque
530 3890 711 3966 ponderibus
736 3910 794 3950 non
821 3892 923 3966 aequis
947 3893 1063 3952 concita
1088 3887 1172 3973 ferri)
1196 3910 1252 3952 nec
1269 3893 1348 3969 quis-

223 3995 311 4052 quam
334 3977 415 4036 locus
440 3982 493 4055 cst,
520 3977 572 4036 ubi
593 3994 719 4052 corpora
736 3981 815 4036 stare
832 3977 947 4051 possint
972 3971 1079 4059 (1077.
1098 3973 1131 4060 8)
1155 3995 1197 4040 sc.
1218 3996 1252 4038 eo
1271 3980 1350 4054 quod

220 4063 335 4138 pondus
354 4062 498 4122 amittant.
517 4080 613 4138 neque
631 4066 729 4122 autem
753 4058 800 4144 (eo
830 4063 945 4138 pondus
968 4065 1103 4124 amittere
1128 4069 1252 4140 possunt
1270 4063 1349 4140 quod

223 4149 310 4208 inane
333 4147 484 4226 subsistat,
511 4165 606 4222 neque
632 4143 721 4231 enim)
746 4149 835 4208 inane
860 4150 912 4208 ulli
936 4149 1054 4226 corpori
1079 4150 1241 4210 subsistere
1260 4150 1349 4210 debet

223 4228 331 4314 (1079.
350 4228 416 4316 80).
441 4233 529 4294 Haud
550 4233 641 4309 igitur
664 4251 711 4294 res
737 4251 772 4294 ca
798 4251 886 4311 quam
909 4235 1031 4310 exposui
1048 4235 1163 4295 ratione
1183 4235 1349 4310 cuppedine

221 4319 312 4379 medii
338 4320 369 4378 iu
399 4319 553 4379 concilium
583 4318 652 4379 vehi
679 4325 812 4395 possunt.
845 4355 887 4363 -
917 4322 982 4379 Hac
1007 4319 1252 4396 interpretatione
1276 4322 1349 4382 satis

223 4402 391 4465 defendisse
401 4403 473 4463 mihi
486 4406 588 4465 videor
605 4425 654 4465 vv.
672 4398 764 4466 1079.
777 4408 828 4486 80,
846 4405 896 4481 qui
914 4407 981 4466 idco
998 4405 1166 4466 addubitati
1184 4411 1251 4466 suut
1269 4407 1349 4483 quod
