3380 5306
702 439 871 496 -17-

222 603 263 670 lV
284 609 364 667 1097
384 614 416 670 ut
433 609 535 671 bibere
556 655 563 669 .
584 654 590 669 .
610 609 653 670 sic
672 603 792 690 (1101).
815 643 856 651 —
881 609 946 668 Nec
963 611 1062 668 tamen
1080 607 1230 667 dissimulo
1249 625 1345 668 exem-

222 696 301 771 plum
326 696 425 755 verbis
451 683 549 774 „quod
573 692 687 771 geuus“
720 695 919 753 introductum
947 693 1064 768 saepius
1090 694 1177 754 etiam
1201 699 1283 754 recte
1308 694 1346 754 ad

222 781 428 841 antecedentia
453 780 548 859 trahi,
574 781 721 842 interdum
747 781 823 840 enim
849 797 897 839 res
922 779 1097 839 illustranda
1121 783 1209 838 antea
1233 785 1346 839 tantum

220 870 408 943 memoretur,
427 870 479 925 aut
495 865 589 925 denuo
606 871 731 941 excepta
745 865 939 925 introducitur
953 865 1105 940 particulis
1122 864 1184 944 „sic
1199 863 1344 939 igitur“

221 948 272 1032 (ef.
298 952 339 1012 VI
357 953 420 1010 890
443 950 521 1026 quod
539 970 631 1026 genus
651 996 658 1011 .
679 997 687 1012 .
708 951 769 1010 895
796 952 839 1011 sic
863 951 979 1026 igitur.
999 945 1038 1032 .)3
1064 967 1240 1026 quamquam
1257 948 1290 1010 lit
1312 955 1345 1010 ut

221 1038 348 1097 addatur
366 1036 508 1117 „igitur“,
535 1039 652 1098 etiamsi
678 1037 857 1113 comparatio
882 1038 920 1096 ad
939 1037 1092 1111 sequentia
1110 1040 1239 1113 spectat,
1264 1037 1345 1096 velut

219 1124 261 1182 IV
287 1124 348 1181 513
374 1123 501 1197 deniqne
529 1128 561 1182 ut
589 1125 629 1184 in¹
645 1123 759 1183 fabrica
784 1167 819 1182 ..
845 1121 908 1180 520
933 1122 1098 1197 sicigitur.
1144 1121 1203 1182 Sed
1229 1125 1346 1181 exstant

220 1213 340 1284 praeter
358 1227 422 1267 enm
442 1208 479 1267 de
498 1227 555 1282 quo
574 1209 688 1284 agimus
706 1209 756 1268 alii
773 1207 841 1286 loci,
868 1226 990 1282 quornm
1012 1207 1162 1282 elegantia
1181 1212 1210 1266 et
1228 1208 1343 1267 concin-

220 1295 297 1354 nitas
315 1294 367 1353 illa
383 1295 585 1374 responsione,
604 1313 691 1370 quam
710 1293 922 1371 commendavi,
941 1292 1028 1352 valde
1046 1294 1164 1352 videtur
1182 1294 1300 1369 augeri:

220 1380 343 1437 111266
363 1397 428 1454 sqq.
448 1376 588 1460 (quatuor
606 1381 658 1440 illa
684 1383 830 1441 elementa
854 1379 944 1438 animi
963 1379 1048 1454 quasi
1066 1379 1175 1438 multae
1194 1378 1238 1438 vis
1259 1377 1345 1438 unius

219 1466 351 1540 corporis
370 1460 508 1547 exstant).

306 1566 405 1642 quod
428 1585 544 1643 genus
569 1569 600 1627 in
619 1567 722 1643 quovis
740 1568 919 1627 sulmantnm
937 1568 1057 1627 viscere
1069 1569 1158 1642 volgo

306 1657 352 1713 est
370 1653 442 1712 odor
460 1658 489 1714 et
509 1654 628 1730 quidam
646 1655 774 1718 coloret
792 1671 888 1732 sapor,
909 1657 938 1712 et
956 1657 1055 1712 tamen
1074 1670 1112 1712 ex
1129 1652 1175 1712 bis

306 1740 440 1800 omnibus
458 1746 609 1800 estunam
626 1739 789 1815 perfectum
807 1739 938 1815 corporis
956 1757 1100 1814 augmen:

306 1825 360 1882 sic
385 1828 465 1885 calor
483 1831 570 1901 atque
589 1832 641 1885 adr
659 1830 688 1884 et
704 1825 785 1884 venti
804 1843 893 1885 caeca
910 1829 1042 1899 potestas

220 1909 283 1966 270
305 1910 396 1969 mixta
415 1915 517 1970 creant
534 1930 622 1972 unam
639 1915 775 1971 naturam
794 1955 801 1969 .
822 1955 829 1970 .

219 2010 263 2068 III
286 2012 347 2071 327
370 2031 435 2088 sqq.
460 2009 579 2096 (corpus
605 2018 635 2073 et
659 2015 772 2073 animus
798 2013 999 2072 communibus
1027 2013 1105 2072 inter
1132 2030 1166 2072 se
1193 2011 1342 2072 radicibus

218 2093 342 2157 haerent
360 2117 415 2158 nec
432 2099 495 2159 sine
514 2100 643 2175 pernicie
662 2099 762 2158 divelli
780 2117 868 2174 posse
885 2093 1044 2180 videntur).

262 2183 358 2257 quod
376 2203 492 2258 genus
510 2203 527 2244 e
545 2184 638 2244 thuris
656 2185 770 2259 glaebis
786 2185 913 2243 evellere
932 2183 1053 2244 odorem

261 2266 351 2327 baud
369 2268 483 2330 facile
503 2276 576 2350 est,
596 2271 687 2345 quin
709 2271 837 2330 intereat
853 2274 959 2329 natura
977 2287 1093 2345 qnoque
1111 2269 1191 2329 eius:

262 2354 317 2412 sio
335 2355 424 2414 animi
442 2360 531 2431 atque
549 2357 664 2416 animae
683 2361 817 2416 naturam
834 2372 956 2430 corpore
972 2359 1034 2415 toto

263 2441 417 2500 extrahere
436 2442 536 2500 haud
553 2442 670 2502 facile
689 2447 744 2501 est
763 2441 848 2517 quin
866 2441 963 2500 omnia
980 2440 1188 2501 dissolvantur.

218 2542 256 2600 H.
274 2543 294 2600 l.
312 2542 355 2602 illi
378 2560 465 2618 qnam
482 2544 611 2604 indicavi
630 2542 806 2618 oppositioni
823 2543 952 2618 ipsorum
969 2545 1164 2604 membrorum
1181 2540 1341 2602 similitudo

218 2627 337 2687 videtur
364 2629 475 2689 favere.
504 2664 545 2671 —
574 2629 730 2704 Languida
758 2646 877 2704 prorsus
906 2633 952 2688 est
978 2629 1023 2687 III
1051 2629 1112 2687 276
1139 2645 1203 2703 sqq.
1232 2627 1368 2702 triplex*

217 2714 349 2793 collatio,
375 2715 433 2774 nisi
456 2717 617 2794 membrum
641 2715 740 2794 „quod
761 2732 855 2789 genus
877 2759 884 2774 .
905 2711 933 2774 .“
959 2714 998 2773 ad
1022 2714 1177 2790 sequentia
1200 2717 1339 2773 vocatur:

217 2792 337 2879 (quarta
354 2799 406 2860 illa
419 2807 525 2861 natura
543 2801 658 2861 animae
676 2801 800 2859 nominis
820 2817 926 2875 expers
952 2818 1086 2875 prorsum
1103 2801 1178 2860 latet
1196 2843 1204 2859 .
1224 2843 1232 2859 .
1250 2803 1340 2874 atque
1425 2803 1426 2810 ’

192 2909 198 2918 ·
216 2885 314 2944 anima
332 2891 377 2944 est
395 2888 510 2946 animae
528 2905 671 2962 proporro
689 2887 777 2946 totius
794 2881 883 2966 ipsa).

302 2987 402 3062 quod
427 3006 547 3063 genus
571 2990 602 3048 in
619 2989 729 3048 nostris
747 2989 886 3047 membris
905 2992 935 3048 et
953 3005 1077 3062 corpore
1095 2992 1157 3046 toto

301 3075 394 3132 mixta
412 3077 507 3134 latens
526 3075 615 3132 animi
632 3076 678 3132 vis
697 3079 742 3134 est
759 3075 933 3148 animaeque
952 3078 1093 3151 potestas,

303 3160 475 3233 corporibus
494 3161 564 3234 quia
582 3161 619 3219 de
636 3160 737 3235 parvis
754 3159 915 3233 paucisque
934 3162 1079 3217 creatast:

303 3245 361 3303 sic
383 3245 438 3303 tibi
456 3246 580 3306 nominis
597 3245 673 3304 haee
691 3263 797 3318 expers
815 3245 860 3302 vis
878 3243 957 3303 facta
976 3244 1094 3302 minutis

219 3330 281 3388 280
304 3331 486 3409 corporibus,
503 3332 576 3390 latet
594 3341 683 3406 atque
702 3331 817 3389 animae
836 3329 920 3404 quasi
936 3329 1027 3388 totius
1045 3330 1111 3404 ipsa

303 3421 477 3491 proporrost
494 3417 592 3476 anima
610 3423 641 3476 et
659 3415 826 3478 dominatur
844 3432 967 3491 corpore
985 3419 1059 3475 toto.

305 3503 499 3561 consimili
524 3503 680 3562 ratione
706 3506 856 3562 necessest
873 3506 979 3561 ventus
998 3505 1027 3560 et
1044 3507 1097 3560 adr

304 3593 333 3646 et
351 3590 432 3646 calor
448 3589 527 3647 inter
544 3606 576 3647 se
593 3589 715 3664 vigeant
734 3589 891 3647 commixta
907 3605 962 3661 per
979 3591 1071 3646 artus.
1151 3588 1153 3591 ’

188 3723 192 3735 ·
218 3689 278 3748 Sed
295 3694 451 3765 utcumque
470 3691 506 3751 de
525 3691 570 3750 his
588 3691 661 3750 locis
678 3682 864 3770 iudicabitur,
883 3691 919 3748 de
938 3707 982 3767 eo,
1001 3689 1080 3748 unde
1095 3686 1219 3763 profecti
1231 3703 1338 3765 sumus,

217 3776 298 3835 nulla
315 3777 419 3851 opinor
437 3778 493 3836 erit
510 3777 665 3836 dubitatio.

303 3862 343 3920 Ut
360 3864 460 3942 verba,
485 3863 521 3923 de
547 3863 653 3938 quibus
671 3861 812 3940 diximus,
838 3860 881 3919 ita
900 3877 996 3935 neque
1013 3879 1062 3919 vv.
1081 3859 1107 3919 V
1125 3859 1198 3918 266.
1217 3860 1235 3917 7
1255 3881 1296 3912 =
1314 3858 1341 3919 V

572 4037 726 4094 verrentes
744 4050 874 4109 aequora
891 4033 971 4092 venti

259 4117 422 4179 diminuunt
439 4120 589 4195 radiisque
607 4124 744 4179 retexens
763 4119 912 4178 aetherius
931 4120 975 4179 sol

215 4221 311 4279 neque
329 4225 377 4264 vv.
395 4207 422 4266 V
441 4207 588 4265 269-72
607 4229 648 4258 z
667 4207 707 4264 VI
726 4204 873 4263 635-38

258 4293 425 4365 percolatur
443 4293 520 4351 euim
538 4293 628 4371 virus,
647 4295 785 4367 retroque
805 4295 938 4351 remanat

257 4379 395 4438 materies
412 4379 521 4437 umoris
541 4382 570 4437 et
588 4379 627 4438 ad
644 4382 735 4454 capnt
752 4377 888 4437 amnibus
906 4376 999 4436 omnis

1118 4471 1135 4530 2
