3364 5308
693 472 864 530 „47-

260 641 382 700 111714
472 642 559 702 Nilus
578 687 614 702 ..
642 644 721 720 rigat
749 643 918 721 Aegyptum
943 643 1103 704 medium
1131 660 1198 718 per
1225 659 1341 718 saepe

1162 729 1340 789 calorem.

260 813 465 889 11180055.
848 813 1111 874 55115155555115
1125 815 1214 887 aquai

482 918 569 975 quam
588 899 674 960 facile
696 900 736 959 in
754 901 879 960 medio
897 899 930 961 fit
951 900 994 959 uti
1017 899 1070 959 des
1093 916 1209 975 saepe
1231 900 1341 959 ruinae.

261 984 300 1043 VI
316 985 378 1042 910
391 1003 457 1059 sqq.
1039 989 1211 1044 catenam

481 1087 596 1144 saepe
615 1088 652 1130 ex
670 1071 773 1130 anellis
791 1071 890 1130 reddit
906 1071 1104 1146 pendentibus
1121 1087 1158 1128 ex
1176 1087 1218 1129 se.

481 1155 649 1230 quinque
673 1156 781 1216 etenim
807 1157 877 1217 licet
901 1156 1094 1216 interdum
1116 1156 1274 1231 pluresque
1298 1156 1341 1214 vi·

1215 1241 1340 1301 dere..

260 1325 301 1386 VI
320 1326 382 1384 974
399 1342 446 1399 55.
823 1327 913 1386 551555
935 1344 1003 1386 acre
1021 1330 1212 1405 venenumst3

480 1411 558 1486 quod
584 1429 638 1470 nos
672 1411 867 1472 interdum
898 1416 972 1472 tam
1010 1430 1121 1488 quam
1158 1429 1341 1472 recreare

1213 1498 1340 1558 videtur.

218 1581 332 1656 pariter
348 1581 462 1656 accipio
479 1600 527 1640 vv.
546 1582 587 1640 Vl
605 1583 645 1640 33
664 1600 709 1656 sq.

261 1683 355 1741 genus
375 1665 529 1725 humanum
549 1666 698 1727 frustra
714 1671 943 1745 plerumque
961 1670 1098 1744 probavit

190 1753 196 1765 '
260 1753 380 1812 volvere
398 1770 533 1812 curetum
550 1753 644 1814 tristis
661 1754 691 1813 15
709 1758 829 1829 pectore
846 1754 960 1815 fluctus.

218 1836 277 1898 Sed
305 1837 379 1896 haec
408 1839 544 1913 exempla
571 1837 727 1918 sufficient,
755 1845 788 1899 ut
811 1840 899 1899 etiam
925 1857 960 1899 ec
986 1839 1023 1899 de
1046 1857 1104 1914 quo
1130 1841 1252 1900 dicimus
1274 1842 1339 1916 1555

217 1919 406 2001 ‚,interdum“
425 1923 464 1982 ad
481 1925 573 1984 solum
592 1924 738 1984 obiectum
757 1925 836 2000 quod
854 1929 900 1984 est
918 1925 999 2005 „nilo
1015 1942 1091 1999 quae
1104 1931 1171 1986 sunt
1182 1927 1341 1988 metuende

216 2009 312 2085 magis
338 2052 345 2067 .
370 2006 404 2067 .“
439 2008 550 2068 referre
584 2009 681 2069 liceat.
717 2044 758 2053 —
793 2012 897 2069 Restat
924 2014 957 2070 ut
992 2010 1123 2070 dicamus
1159 2012 1196 2070 de
1231 2012 1341 2086 triplici

216 2092 431 2171 significatione
459 2095 541 2154 vocis
570 2095 751 2172 ‚,tenebrae“
779 2090 835 2176 (54
866 2117 904 2146 =
934 2097 1117 2175 ignorantia,
1147 2097 1197 2155 55.
1228 2097 1268 2155 58
1300 2119 1337 2148 =

217 2181 313 2255 caligo
338 2181 442 2259 noctis,
469 2179 508 2237 59
535 2203 574 2234 =
601 2178 717 2262 angor).
777 2181 896 2256 Negare
925 2180 1001 2241 hane
1026 2182 1219 2244 variationem
1250 2184 1338 2242 mole-

216 2271 290 2326 stam
315 2281 381 2324 esse
402 2266 475 2325 nihil
506 2265 614 2325 attinet
621 2289 629 2343 3
661 2271 835 2342 argumenta
856 2272 954 2326 antem
979 2267 1042 2326 eius
1071 2267 1171 2327 iudicii
1202 2268 1251 2326 vix
1280 2271 1340 2328 ulla

215 2350 420 2424 investigabis.
481 2350 584 2426 Itaque
609 2351 680 2411 setis
707 2352 803 2412 habeo
828 2353 975 2411 monuisse
1004 2357 1121 2427 poetam
1149 2352 1245 2428 ipsum
1273 2354 1340 2412 illas

215 2438 350 2497 notiones
374 2435 500 2496 fortasse
520 2453 578 2495 non
597 2453 698 2496 omnes
720 2438 870 2499 subtiliter
887 2437 1055 2497 distinxisse
1073 2433 1133 2519 (54
1146 2439 1208 2497 5115
1226 2438 1342 2498 laborat

214 2521 408 2601 intenebris,
434 2523 474 2581 59
498 2525 641 2582 terrorem
663 2522 752 2582 animi
773 2518 983 2603 tenebrasque)
1009 2528 1097 2597 atque
1119 2523 1193 2583 duas
1222 2524 1340 2598 quidem

216 2609 304 2668 etiam
329 2607 361 2666 in
382 2626 431 2667 vv.
458 2607 498 2667 VI
523 2608 659 2686 35-41,
689 2607 739 2682 qui
767 2627 825 2668 uon
851 2613 1010 2688 tentantur,
1037 2608 1248 2668 discernendas
1273 2627 1340 2670 5555

216 2690 266 2776 (51.
303 2695 353 2752 Β5.
390 2693 440 2768 551
474 2692 595 2754 adhibet
622 2711 671 2753 55.
699 2694 743 2752 ΠΙ
771 2689 943 2775 449-52).
1000 2693 1087 2754 Certe
1114 2700 1235 2771 propter
1263 2696 1340 2754 hanc

215 2782 307 2840 solam
336 2796 398 2837 rem
426 2794 513 2838 nemo
541 2779 607 2838 illos
636 2796 684 2838 vv.
714 2784 873 2855 expunget.
930 2779 987 2839 Gn.
1016 2781 1081 2854 ipse
1108 2797 1174 2840 cum
1203 2782 1340 2840 emende-

214 2866 272 2925 tori
298 2882 350 2925 555
377 2864 530 2942 tribueret,
561 2868 630 2938 apte
658 2864 701 2924 eis
726 2865 907 2939 prooemium
935 2882 1001 2924 cum
1030 2865 1229 2940 disputatione
1257 2867 1341 2942 iungi

213 2952 316 3011 sensit.
362 2949 421 3009 Sed
438 2967 497 3009 uon
515 2948 687 3008 emendator
703 2967 755 3010 eos
772 2950 900 3025 scripsit.
946 2951 1003 3024 Qui
1021 2951 1140 3025 quidem
1157 2953 1340 3027 prooemium

214 3036 281 3096 libri
308 3036 356 3113 VI,
384 3035 495 3094 eisdem
521 3035 655 3094 versibus
680 3037 858 3114 conclusum,
883 3053 901 3094 a
925 3035 1063 3095 Lucretio
1091 3037 1257 3096 absolutum
1275 3056 1340 3097 esse

215 3121 350 3183 concedit
378 3153 420 3164 -
447 3119 503 3180 1555
531 3124 630 3180 autem
656 3121 820 3181 concedunt
846 3137 948 3180 omnes
976 3156 1027 3200 —‚
1058 3122 1086 3181 ei
1103 3123 1339 3183 antecedentium

214 3207 337 3269 exordis
354 3209 392 3268 ab
411 3207 598 3268 emendatore
616 3207 754 3281 suppleta
769 3223 835 3267 esse
851 3206 1040 3267 contendenti
1053 3207 1140 3267 fidem
1154 3212 1237 3268 recte
1252 3207 1340 3268 dene-

214 3295 359 3368 gabinus.

300 3379 398 3440 Etiam
427 3378 494 3439 libri
521 3377 565 3436 111
592 3377 773 3453 prooemium
800 3378 906 3440 deletis
935 3378 994 3438 illis
1021 3377 1156 3439 versibus
1186 3374 1339 3462 (su-93)

215 3469 409 3524 truncaretur.
455 3464 520 3537 Qua
536 3463 594 3524 nisi
612 3463 698 3523 fallor
716 3481 807 3524 causa
823 3469 919 3524 motus
938 3464 1097 3524 Goebelius
1115 3460 1147 3546 (1.
1166 3467 1186 3525 1.
1204 3483 1255 3541 pg.
1274 3461 1340 3547 27),

216 3551 263 3611 551
286 3551 446 3610 assentitur
468 3551 530 3630 Bm,
556 3550 597 3610 ibi
621 3568 670 3608 55.
696 3554 822 3624 quatuor
843 3555 957 3612 tentum
974 3551 1088 3624 priores
1117 3551 1156 3610 ed
1180 3551 1338 3626 interpola·

215 3641 309 3698 torem
333 3635 443 3696 retulit.
499 3635 558 3696 Sed
585 3633 641 3694 hoc
669 3653 728 3695 non
756 3635 851 3710 magis
876 3637 1073 3711 probaverim.
1128 3637 1233 3710 Neque
1261 3638 1340 3696 euim

217 3720 403 3803 ,1515551555α
428 3721 458 3780 h.
484 3723 514 3801 l,
539 3738 715 3796 quamquam
739 3723 917 3781 antecedunt
933 3716 974 3802 (v.
994 3723 1034 3778 37
1054 3717 1134 3803 sqq.)
1158 3725 1272 3800 „metus
1290 3723 1340 3796 qui

215 3810 314 3868 turbat
337 3807 520 3867 funditus
544 3806 702 3866 humanam
728 3807 817 3866 vitam
842 3807 886 3866 ab
912 3807 1000 3884 imo,
1026 3807 1152 3865 omnia
1169 3807 1339 3868 suffundens

215 3895 319 3954 mortis
343 3894 474 3970 nigrore,
499 3909 595 3966 neque
621 3891 710 3951 ullam
732 3909 798 3952 esse
817 3893 998 3967 voluptatem
1019 3889 1160 3965 liquidam
1177 3909 1339 3969 puramque

215 3977 374 4056 relinquit“
402 3979 495 4054 magis
521 3977 657 4053 displicet
682 3995 769 4053 quam
794 3979 824 4037 in
848 3979 928 4038 LII.
981 3976 1108 4040 Gravius
1130 3977 1202 4038 illud
1221 3979 1339 4053 quidem

216 4066 333 4126 videtur
359 4066 438 4140 quod
462 4069 531 4124 ente
548 4062 602 4123 hos
619 4081 667 4122 vv.
687 4064 724 4122 de
743 4067 823 4123 55515
841 4064 944 4122 mortis
961 4063 1067 4122 timore
1085 4063 1199 4141 dicitur,
1218 4063 1249 4122 in
1266 4064 1339 4140 ipsis

215 4155 314 4212 autem
344 4152 375 4210 in
402 4149 570 4210 universum
600 4148 637 4208 de
665 4151 754 4210 rebus
782 4167 840 4208 555
869 4149 1043 4208 metuendis.
1100 4149 1159 4208 Sed
1187 4149 1252 4223 5515
1280 4168 1339 4209 555

216 4236 364 4312 extemplo
378 4236 539 4296 sententias
554 4236 597 4294 ita
609 4240 759 4295 conectet:
778 4233 910 4294 homines
921 4232 1089 4294 Acheronta
1099 4234 1193 4293 vitare
1203 4239 1339 4308 petentes

216 4329 306 4397 saepe
324 4323 382 4382 iam
395 4320 523 4396 patriam
542 4327 572 4381 et
589 4325 727 4396 parentes
741 4319 950 4398 prodiderunt3
969 4319 1103 4378 timemus
1115 4320 1192 4379 enim
1203 4320 1233 4378 iu
1244 4325 1338 4381 morte

216 4412 355 4469 aeternas
371 4424 482 4484 poenas
500 4401 527 4487 (I
547 4402 621 4489 111)
640 4406 773 4482 aliasque
790 4405 971 4483 formidines,
998 4421 1074 4478 quae
1091 4423 1150 4465 555
1166 4405 1262 4481 magis
1279 4423 1338 4468 me-
