3380 5306
694 433 858 492 „43-

211 608 306 667 minus
324 607 447 667 idoneus
464 607 495 666 in
514 604 727 666 dubitationem
745 607 877 664 vocetur.
921 603 1013 662 Immo
1038 603 1088 662 vel
1112 607 1233 663 externo
1256 600 1338 660 testi-

211 692 308 753 monio
326 692 446 753 defendi
464 692 591 750 videtur.
635 690 741 766 Neque
760 691 837 750 enim
856 689 1010 765 quisquam
1029 687 1107 763 quod
1123 689 1214 748 sciam
1232 685 1341 745 refellit

214 813 249 819 -
278 779 309 838 id
328 777 482 853 quodiam
501 775 698 836 Reisackerus
718 780 845 851 quaestt.
864 775 995 840 Lucreti.
1014 792 1065 849 pg.
1086 775 1126 832 38
1146 773 1277 852 ostendit
1302 806 1336 812 —

211 882 260 922 vr.
291 865 480 1031 wilm
509 863 667 922 translatos
696 879 763 922 esse
791 879 827 922 ex
852 860 1004 938 Euripidis
1030 859 1196 935 Chrysippo
1221 852 1339 938 (fragm.

214 949 274 1006 836
293 946 398 1031 N.)¹:

264 1149 291 1215 1)
308 1149 352 1202 Ex
368 1165 407 1202 vv.
426 1148 452 1204 11
469 1149 528 1215 991,
546 1149 597 1202 999
615 1163 669 1216 sqq.

350 1233 465 1302 denique
485 1233 595 1288 caelesti
613 1249 701 1288 sumus
718 1249 810 1288 omnes
828 1233 930 1287 semine
948 1231 1060 1286 oriundi.
1078 1261 1113 1272 —-

351 1303 423 1357 cedit
439 1303 505 1356 item
522 1307 604 1366 retro,
623 1303 657 1358 de
674 1307 748 1357 terra
765 1302 835 1370 quod
852 1301 904 1356 snt
921 1305 993 1368 ante,

349 1373 377 1425 in
395 1375 495 1426 terras:
513 1375 542 1425 et
559 1371 628 1438 quod
645 1372 755 1426 missum
773 1375 816 1426 est
833 1387 867 1426 ex
885 1371 1003 1426 aetheris
1021 1371 1082 1436 oris,

349 1441 377 1494 id
394 1457 498 1494 numum
515 1439 581 1494 caeli
598 1441 723 1495 rellatum
742 1440 844 1508 templa
860 1443 1003 1508 receptent
1040 1507 1044 1515 Ι

212 1525 339 1588 Zellerus,
358 1526 426 1580 Phil.
446 1525 470 1578 d.
490 1525 595 1580 Grieeh.
623 1526 704 1592 1111,
723 1525 773 1579 421
793 1525 927 1579 concludit
944 1525 1025 1578 haec:
1069 1522 1188 1592 „Epihur
1205 1520 1266 1575 teilt
1292 1521 1342 1574 mit

213 1593 265 1648 deri
275 1593 530 1648 Stoikerneuehdic
540 1595 681 1649 Annahme
700 1594 776 1648 einer
793 1591 1341 1656 himmlischenHerhunftdesMenschen‚

212 1663 268 1716 und
290 1664 340 1717 soll
357 1664 425 1717 euch
443 1662 528 1716 demit
550 1663 609 1716 hier
630 1665 760 1718 umachst
784 1679 836 1717 nur
859 1666 954 1730 gesagt
977 1662 1044 1727 seio,
1068 1661 1129 1714 dass
1152 1661 1199 1714 der
1220 1659 1342 1724 Mensch,

212 1733 262 1784 wie
280 1732 323 1786 die
340 1731 475 1786 lebenden
492 1732 592 1785 Wesen
611 1733 777 1800 uberhaupt,
799 1731 951 1786 atherische
969 1730 1052 1784 Stoffe
1078 1729 1107 1782 in
1132 1729 1189 1784 sieh
1210 1728 1292 1793 hehe,
1312 1742 1342 1780 so

212 1799 311 1868 knhpft
334 1800 391 1854 sich
415 1800 482 1854 doch
504 1801 612 1866 hieran,
630 1800 737 1854 bhnlieh
755 1800 805 1854 wie
823 1795 868 1855 bei
886 1799 938 1853 den
957 1799 1090 1862 Stoikern‚
1109 1798 1152 1851 die
1172 1795 1342 1852 Unterschei·

213 1869 285 1936 dung
303 1870 349 1923 des
367 1869 486 1923 Edleren
503 1868 559 1922 und
575 1868 729 1923 Unedleren
746 1869 782 1923 im
800 1869 956 1932 Menschen‚
974 1868 1074 1922 welche
1092 1867 1119 1920 in
1136 1867 1234 1920 letrtcr
1247 1865 1342 1919 Beaie-

213 1939 286 2005 hung
303 1937 371 1992 doch
388 1937 477 1991 nichts
495 1937 608 1991 anderes
625 1937 669 2004 ist,
688 1939 727 1991 als
745 1938 790 1991 ein
807 1935 1054 1991 materialistisoher
1070 1935 1211 1988 Ausdruck
1228 1933 1272 1987 ihr
1290 1933 1342 1986 den

213 2006 390 2060 Unterschied
407 2006 454 2060 des
472 2005 614 2060 Geistes
631 2022 683 2060 von
701 2007 749 2060 der
766 2006 906 2060 Materie“.
942 2005 1046 2058 Eodem
1063 2004 1201 2071 pertinere
1218 2001 1342 2056 videntur

213 2077 295 2198 vAeglpa
313 2091 363 2198 pq.
382 2075 448 2128 469:
478 2074 536 2137 „die
555 2075 706 2143 Epihureer
729 2073 826 2129 fhhren
852 2075 904 2128 den
923 2073 1045 2128 Glauhen
1063 2088 1098 2125 en
1115 2073 1158 2125 die
1176 2070 1341 2125 himmlische

275 2160 312 2197 un

215 2212 298 2266 animi
314 2216 437 2266 naturam
454 2211 590 2266 referendi
607 2213 669 2266 sint.
710 2213 820 2266 Etenim
838 2212 932 2266 aether
949 2210 974 2264 h.
993 2211 1010 2264 l.
1028 2227 1084 2264 non
1101 2209 1238 2264 hominum
1254 2209 1342 2273 modo,

214 2281 364 2335 sedetiam
387 2280 492 2348 frugum
517 2284 546 2335 et
563 2281 732 2335 arbustorum
749 2285 828 2349 peter
845 2282 1007 2334 nominatur.
1042 2277 1141 2332 Anime
1158 2283 1248 2332 autem
1266 2281 1345 2332 extra
1408 2331 1409 2334 ,

213 2351 324 2404 formam
342 2349 484 2403 animalem
504 2365 562 2403 esse
578 2350 672 2417 nequit
686 2351 722 2418 (V
737 2350 789 2404 140
802 2351 860 2417 sq).
892 2349 965 2416 Ergo
985 2349 1107 2411 „aether¹⁴
1129 2351 1159 2400 ut
1176 2346 1247 2415 apud
1265 2345 1344 2399 Euri·

213 2419 302 2487 pidem
320 2419 450 2473 translate
467 2417 578 2486 ponitur
592 2434 641 2486 pro
662 2418 792 2486 „pluvia“‚
810 2418 881 2472 unde
898 2421 972 2471 terra
989 2415 1112 2471 umoris
1131 2419 1220 2482 guttas
1236 2413 1343 2482 recipit.

214 2489 272 2543 Hoc
288 2488 449 2542 Munronem
472 2503 575 2554 quoque
597 2487 702 2540 videtur
720 2487 828 2556 hrgisse,
853 2487 897 2554 qui
921 2485 1026 2554 quidem
1049 2485 1082 2538 de
1101 2484 1192 2538 divina
1208 2483 1344 2538 hominum

215 2557 318 2624 origine
341 2556 385 2624 agi
406 2560 481 2610 recte
505 2559 601 2624 negat3
629 2555 675 2609 sed
700 2556 732 2609 de
750 2555 840 2609 anima
866 2554 919 2609 dici
942 2570 998 2608 non
1022 2553 1127 2608 videtur
1150 2569 1260 2620 negare,
1285 2569 1344 2606 cum

217 2625 346 2688 „caeleste
373 2631 480 2679 semen“
516 2623 713 2692 interpretatur
743 2625 882 2687 „aethera“
918 2623 965 2692 (sc.
999 2639 1077 2690 quem
1103 2638 1152 2676 nos
1179 2622 1302 2690 dicimus)
1325 2622 1343 2690 ),

215 2695 304 2748 Etiam
322 2693 372 2747 Gn.
390 2693 438 2746 illa
455 2693 550 2747 ductus
569 2693 696 2762 opinione
714 2693 867 2748 desiderare
884 2691 991 2746 ridetur·
1014 2692 1059 2759 qui
1083 2691 1178 2744 aether
1194 2695 1299 2759 patrem
1317 2705 1346 2743 se

214 2762 350 2831 praebeat.
369 2793 403 2801 -
421 2761 488 2817 Mihi
506 2763 644 2816 sententia
660 2761 738 2817 huius
755 2762 809 2817 loci
826 2761 922 2817 eedem
941 2761 1123 2815 videturesse
1141 2763 1222 2828 atque
1313 2771 1321 2782 ·

248 2849 262 2901 I
279 2847 332 2902 250
348 2863 402 2914 sqq.
423 2889 429 2900 .
448 2889 454 2902 .
473 2852 590 2915 pereunt
606 2846 745 2913 imbres,
764 2847 812 2901 ubi
829 2863 875 2902 eos
892 2850 971 2915 pater
988 2847 1082 2900 aether

216 3068 417 3138 quamnquidem
435 3069 522 3124 locum
540 3069 761 3125 Bochemuellero
777 3086 833 3124 non
851 3025 983 3123 assentior
1001 3067 1157 3135 explananti
1178 3067 1240 3130 „der
1258 3049 1347 3120 utterss

215 3140 285 3193 liche
295 3139 382 3192 Ather
400 3138 448 3190 hat
465 3139 517 3191 den
532 3138 626 3206 Regcn
645 3139 779 3202 entsandt.
798 3137 889 3191 sobald
908 3153 937 3190 er
951 3151 998 3189 aus
1015 3136 1195 3190 denhbheren
1205 3135 1346 3202 Regiooen

186 3241 192 3250 ·
216 3210 264 3262 der
281 3208 460 3275 Atmpsphare
477 3207 580 3260 kommt
602 3206 658 3260 und
676 3207 732 3260 sich
749 3206 799 3260 mit
815 3206 979 3274 feurigen
997 3205 1163 3258 Substsnzen
1184 3201 1346 3271 (elektri·
1390 3222 1393 3227 ·

217 3277 320 3330 schen
339 3265 556 3344 htherteilchcn)
575 3276 705 3342 gesattigt
722 3276 795 3342 hat“,

217 3349 245 3398 ec
262 3345 289 3398 11
306 3345 356 3399 en
375 3360 445 3412 sqq:

405 3429 494 3484 videre
512 3429 578 3484 licet
595 3430 667 3484 vivos
684 3429 801 3485 existere
825 3444 928 3484 vermes

269 3502 386 3552 stercore
404 3499 438 3551 de
455 3501 550 3564 taetro,
576 3503 698 3566 putorem
718 3516 779 3554 eum
796 3497 847 3554 sibi
864 3502 945 3553 nacta
962 3501 1004 3552 est

267 3565 462 3635 intempestivis
480 3581 514 3620 ex
530 3567 659 3622 imbribus
677 3568 767 3622 umida
784 3567 872 3630 tellus,

217 3652 263 3707 ubi
279 3653 514 3707 Bochomuellerus
535 3669 591 3708 non
607 3653 691 3721 magis
708 3657 784 3708 recte
805 3651 1022 3719 „intempestivos
1040 3650 1152 3704 imbres“
1172 3647 1346 3716 interpretari
1397 3633 1398 3636 ¹

353 2143 401 2196 der
418 2143 495 2197 Seele
513 2146 542 2197 in
560 2144 604 2198 die
621 2143 798 2214 Psychologie
816 2143 867 2197 ein.
886 2173 921 2182 -
939 2144 977 2196 At
994 2141 1095 2209 dubito,
1112 2157 1177 2194 num
1194 2139 1234 2194 illi
1250 2157 1291 2192 ru.
1309 2139 1343 2192 ad

217 3721 283 3776 mihi
308 3721 414 3776 videtur
443 3721 699 3784 „Gewittcrschsuer
724 3721 761 3775 im
785 3719 978 3785 Unterschiede
1003 3735 1057 3772 von·
1079 3718 1256 3785 Landrcgen3
1280 3717 1346 3784 jene
1437 3767 1439 3770 ,

218 3790 359 3844 euthalten
384 3789 413 3843 in
439 3789 516 3844 ihren
541 3789 782 3844 elehtrischcn
800 3789 903 3845 Stoffen
920 3777 1216 3864 htherteilchem.
1252 3786 1345 3852 Neque

218 3860 289 3913 enim
307 3859 447 3926 quidquem
470 3858 541 3913 aliud
564 3875 607 3914 me
631 3859 718 3914 iudice
741 3858 782 3912 his
803 3857 869 3913 locis
891 3858 989 3912 dieitur
1017 3872 1096 3924 quem
1113 3870 1194 3924 aqna
1217 3859 1246 3909 et
1273 3858 1347 3908 terre.

217 3930 339 3984 homines
355 3927 427 3982 ieras
443 3927 534 3996 fruges
551 3927 694 3995 procreari.
712 3957 747 3968 —-
763 3929 796 3981 In
813 3926 922 3982 Pacuvii
938 3929 1030 3982 tamen
1048 3925 1080 3980 fr.
1099 3925 1137 3979 VI
1154 3923 1259 3994 (Ribb.)
1276 3922 1346 3991 quod

219 3997 430 4188 est'exffichssgge
440 3996 617 4119 vfiqibeulcastcum
634 4080 764 4134 supraque
782 4065 852 4132 quod
870 4063 1010 4132 complexu
1028 4061 1150 4118 eontinet

384 4149 472 4188 errem

258 4411 281 4449 th
310 4356 331 4406 *)
344 4367 414 4450 ἶέὀοιγ
433 4357 530 4406 thing..
549 4385 554 4397 .
578 4366 649 4396 comes
670 4357 724 4396 from
745 4356 782 4396 the
800 4335 910 4405 mingitur
931 4356 954 4394 ot
974 4356 1010 4394 the
1030 4355 1134 4394 clemens
1153 4353 1176 4392 ot
1195 4353 1282 4394 ether
1303 4353 1345 4392 and

219 4419 256 4449 ear
295 4420 331 4458 pq.
383 4438 389 4449 .
