3364 5308
807 469 976 529 -54-

327 646 511 716 perspectam
531 644 561 700 ct
578 642 779 716 perturbatam
799 658 873 700 esse.
910 642 1028 700 Summa
1045 646 1143 701 autem
1160 640 1392 702 ratiocinationis
1411 644 1456 700 est

329 726 391 786 fore
416 726 506 786 haec:
550 727 696 801 Epicurus
725 726 895 786 observavit
923 729 1014 786 solem
1044 727 1187 787 orientem
1215 732 1247 788 et
1273 725 1455 786 occidentem

327 812 469 871 maiorem
486 812 583 871 videri
602 831 688 888 quam
707 812 870 872 meridiano
888 817 1037 887 tempore3
1063 813 1165 887 itaque
1187 831 1240 874 suo
1257 813 1321 872 iure
1339 810 1455 870 videtur

329 898 508 958 contendero
522 898 592 957 solis
608 902 736 972 μέγεθος
747 893 779 956 τὸ
801 893 924 956 κατὰτὸ
943 893 1004 955 κατ’
1023 891 1093 956 αὐτό
1110 900 1265 959 velminus
1284 915 1349 958 esse
1367 915 1455 972 quam

328 977 456 1041 1111111
486 979 518 1042 τὸ
547 978 622 1062 πρὸς
644 978 719 1059 ’ἡμᾶς
741 1002 782 1043 11.
809 984 878 1059 quia
903 985 1001 1042 oriens
1031 984 1077 1044 sol
1105 985 1199 1044 maior
1222 985 1339 1045 videtur
1368 1001 1456 1057 quam

327 1069 458 1129 meridie.
503 1070 590 1129 Lucr.
617 1073 721 1129 contra
745 1075 777 1130 11
801 1070 874 1129 illud
897 1087 956 1128 non
974 1071 1158 1150 observavit,
1185 1070 1227 1130 ita
1244 1087 1303 1130 non
1321 1068 1454 1128 distinxit

327 1153 460 1214 diversos
479 1155 605 1216 ambitus
624 1157 703 1233 solis,
722 1174 758 1214 ac
775 1159 873 1215 tamen
892 1156 1027 1215 concedit
1045 1173 1110 1214 cum
1127 1174 1216 1231 posse
1227 1156 1369 1215 minorem
1389 1171 1456 1214 esse

328 1258 416 1315 quam
434 1239 579 1301 videatur.
624 1241 702 1315 Quid
719 1242 812 1300 vero?
849 1241 992 1300 Distinxit
1009 1242 1103 1316 igitur
1120 1237 1153 1299 111
1174 1244 1303 1316 μέγεθος
1324 1236 1357 1298 τὸ
1380 1235 1454 1318 πρὸς

328 1322 406 1398 ἡμᾶς
425 1329 454 1384 11
472 1321 505 1382 τὸ
524 1328 586 1384 κατ’
605 1323 687 1388 aiud.
731 1328 881 1388 Turbasse
906 1331 1004 1386 autem
1027 1344 1090 1386 rem
1107 1345 1163 1388 nec
1179 1329 1348 1386 Purmanno
1374 1320 1453 1406 (Jen.

326 1410 385 1469 Lit.
405 1413 496 1488 1879,
513 1407 732 1494 tidividetru,
752 1413 802 1488 qui
820 1417 919 1472 tamen
936 1430 1019 1474 suam
1037 1413 1213 1472 sententiam
1231 1430 1290 1472 nou
1309 1411 1453 1486 copiosius

327 1497 476 1575 explicuit,
496 1516 551 1556 nec
568 1497 648 1557 mihi.
674 1499 742 1558 Non
761 1498 879 1573 quidem
897 1499 1109 1559 1111115712
1129 1501 1241 1577 „solem
1256 1502 1370 1556 tantum
1388 1513 1454 1558 esso

328 1586 454 1656 quantus
472 1583 557 1642 nobis
575 1584 720 1662 videatur,
746 1589 778 1642 ut
801 1585 843 1642 nil
868 1585 934 1658 plus
960 1584 1123 1644 autminus
1141 1583 1252 1645 addere
1270 1579 1389 1659 possis“·
1410 1582 1453 1646 ita

327 1668 440 1742 accipio
462 1672 495 1727 ut
517 1669 679 1746 WoltJerus
701 1669 819 1730 videtur
840 1670 1046 1744 interpretari:
1077 1671 1168 1728 solem
1192 1667 1363 1729 tantundem
1386 1683 1451 1726 esse

328 1757 454 1827 quantus
464 1755 610 1833 videatur,
625 1754 678 1814 sed
690 1754 824 1815 concedit
836 1755 923 1814 Lucr.
936 1757 1027 1815 solem
1039 1772 1104 1815 csse
1115 1773 1203 1829 posse
1214 1755 1302 1829 paulo
1313 1753 1452 1814 maiorem

327 1844 377 1899 aut
398 1840 555 1917 minorem;
582 1845 679 1900 utrum
697 1845 796 1901 tamen
814 1858 915 1900 verum
934 1841 972 1900 sit
991 1841 1131 1919 ignorari,
1151 1858 1247 1916 neque
1264 1841 1356 1915 igitur
1372 1842 1453 1898 recte

327 1924 354 1982 ei
372 1924 485 1999 aliquid
502 1925 583 2004 addi,
602 1928 739 2001 quoniam
753 1927 895 1986 minorem
909 1944 975 1986 eum
992 1944 1056 1985 esse
1071 1944 1166 2001 aeque
1181 1927 1219 1986 sit
1233 1926 1386 2001 probabile
1401 1919 1452 2004 (cf.

328 2009 389 2068 Oic.
416 2010 453 2070 de
478 2010 526 2069 lin.
545 2013 559 2070 I
578 2014 607 2089 6,
627 2007 691 2093 20).
736 2012 808 2072 Oum
837 2011 883 2072 his
902 2015 977 2073 bene
1007 2012 1185 2072 conveniunt
1212 2011 1391 2070 1115615
1422 2013 1453 2068 et

329 2095 449 2154 5915.
496 2096 553 2168 Qui
579 2099 623 2156 sol
646 2099 740 2161 minor
765 2115 831 2157 esse
856 2098 950 2172 possit
975 2097 1137 2157 illustratur
1162 2098 1295 2171 exemplo
1323 2097 1452 2155 flamma-

327 2199 390 2252 rum
413 2182 610 2260 terrestrium,
637 2201 713 2258 quae
741 2201 798 2259 quo
822 2183 939 2258 longius
955 2188 1005 2242 aut
1022 2183 1142 2258 propius
1161 2203 1179 2242 a
1196 2183 1281 2241 uobis
1298 2182 1395 2241 absint
1417 2200 1452 2241 co

327 2266 454 2326 minores
480 2272 531 2327 aut
554 2269 680 2328 maiores
706 2269 862 2329 videantur
886 2269 986 2344 itaque
1013 2267 1049 2326 de
1073 2269 1285 2343 Epicureorum
1308 2268 1453 2327 sententia

326 2369 431 2412 revera
450 2358 517 2413 sunt
536 2349 707 2435 (585-89,
727 2355 800 2413 594.
820 2349 862 2435 5).
890 2355 974 2414 Haec
990 2354 1062 2412 mihi
1079 2357 1169 2429 plana
1185 2355 1331 2431 videntur,
1351 2371 1452 2428 quam-

328 2456 415 2513 quam
438 2439 508 2498 solis
526 2441 649 2499 orientis
672 2441 734 2500 sive
760 2439 920 2500 occidentis
947 2444 978 2499 et
1004 2438 1147 2499 meridani
1174 2441 1255 2499 nulla
1278 2438 1312 2498 fit
1333 2439 1452 2498 mentio.

327 2559 366 2567 —
385 2524 430 2582 Ac
448 2542 485 2582 ue
503 2525 647 2601 Epicurus
671 2525 787 2601 quidem
806 2525 858 2584 illa
876 2526 1080 2585 observatione
1105 2526 1147 2584 ita
1163 2543 1233 2586 usus
1252 2530 1306 2602 est,
1330 2529 1363 2584 ut
1383 2525 1452 2584 inde

326 2609 490 2687 declararet
508 2611 599 2671 solem
618 2607 734 2690 (eodem
752 2607 896 2694 tempore)
913 2611 1054 2669 minorem
1073 2629 1138 2670 csse
1155 2628 1242 2686 posse
1265 2628 1352 2685 quam
1370 2611 1451 2669 vide-

325 2699 415 2754 retur.
461 2696 520 2755 Sed
544 2697 570 2756 si
593 2697 712 2770 vesperi
738 2697 831 2756 maior
855 2697 883 2756 ei
908 2695 1065 2755 videbatur
1084 2715 1172 2772 quam
1189 2696 1322 2773 meridie,
1346 2713 1452 2754 revera

325 2781 387 2839 eius
405 2780 484 2839 filum
502 2783 596 2841 voluit
613 2783 728 2841 mutari.
773 2782 858 2841 Luna
876 2781 994 2857 quidem
1023 2799 1039 2840 e
1057 2782 1187 2841 Lucretii
1206 2781 1353 2840 sententia
1371 2785 1451 2841 certo

323 2871 456 2940 tempore
485 2867 666 2942 gignitur
689 2873 719 2928 et
747 2867 896 2927 deletur
924 2885 965 2927 sc.
995 2868 1064 2942 quia
1093 2869 1184 2926 multa
1213 2872 1294 2926 certo
1319 2870 1451 2942 tempore

324 2956 461 3010 creantur
478 2953 505 3011 V
524 2953 680 3012 731-50.
724 2951 770 3013 1)1
795 2952 851 3011 hac
876 2957 973 3013 autem
991 2970 1024 3011 re
1042 2954 1129 3012 Lucr.
1148 2971 1207 3012 non
1227 2952 1346 3012 videtur
1365 2953 1449 3011 dissi-

324 3035 394 3096 dere
412 3055 430 3095 a
448 3038 601 3113 magistro.
634 3040 714 3114 Ergo
733 3040 769 3098 de
788 3039 858 3099 solis
875 3038 1077 3114 magnitudine
1095 3039 1254 3114 Epicurum
1272 3039 1359 3097 aliter
1376 3037 1450 3097 iudi-

324 3140 407 3182 casse
427 3123 505 3198 quod
524 3124 661 3185 credatur
678 3125 754 3184 ratio
772 3143 831 3184 non
850 3129 955 3185 exstat.
996 3120 1047 3206 (cf.
1065 3124 1153 3200 Diog.
1172 3125 1272 3184 Laert.
1291 3124 1327 3182 X.
1352 3125 1390 3180 91
1417 3117 1449 3180 111

408 3211 536 3284 μέγεθος
565 3209 614 3272 τοῦ
643 3206 726 3284 ἡλίου
756 3231 785 3268 τε
815 3210 864 3268 aul
886 3209 945 3268 suiv
967 3210 1077 3267 λοιπῶν
1099 3204 1217 3288 ἄστρων
1247 3203 1319 3266 κατὰ
1342 3210 1396 3282 μὲν
1418 3203 1450 3265 τὰ

322 3289 399 3373 πρὸς
424 3290 502 3368 ἡμᾶς
524 3292 690 3369 τηλικοῦτόν
712 3293 789 3355 ἔστιν
807 3291 907 3368 ἡλίκον
929 3299 1075 3374 φαίνεται.
1120 3297 1202 3354 Η111
1230 3295 1323 3353 verba
1348 3294 1449 3369 Woltj.

321 3380 386 3455 ipsa
406 3379 529 3441 adhibet
546 3399 596 3456 pg.
619 3375 703 3463 124).

407 3466 446 3525 Ut
463 3466 648 3545 Lucretium,
674 3467 699 3525 si
724 3485 782 3527 non
806 3465 919 3525 recedit
942 3485 960 3524 1
978 3465 1112 3540 magistri
1131 3464 1286 3544 sententia,
1305 3466 1450 3524 nonlicet

323 3551 423 3626 colligi
440 3550 518 3610 hunc
535 3551 610 3612 adeo
638 3552 783 3612 serviliter
807 3551 892 3626 sequi
915 3555 948 3611 ut
974 3551 1063 3610 etiam
1081 3555 1241 3626 praecepta
1264 3553 1340 3609 male
1365 3551 1450 3610 iutel-

322 3636 400 3695 lecta
418 3638 456 3696 ab
475 3655 509 3695 eo
528 3639 689 3716 receperit,
715 3639 758 3696 ita
781 3631 1069 3712 certis'argumeutis
1087 3636 1183 3695 adhuc
1201 3654 1259 3694 non
1278 3636 1449 3710 comproba-

322 3726 385 3781 tum
415 3721 486 3781 mibi
514 3723 633 3784 videtur
661 3741 726 3782 eum
756 3728 876 3800 praeter
898 3723 1071 3797 magistrum
1096 3721 1161 3781 aliis
1184 3721 1366 3797 philosophis
1391 3740 1450 3781 non

322 3807 418 3881 ipsum
436 3825 555 3882 operam
574 3809 701 3870 dedisse.
747 3810 814 3868 Non
833 3808 958 3867 dixerim
984 3808 1082 3867 aliena
1105 3807 1217 3882 placita
1234 3824 1300 3867 eum
1317 3808 1450 3866 intulisse

321 3892 352 3950 iu
371 3893 546 3967 Epicuream
565 3895 738 3972 doctrinam,
757 3895 809 3954 sed
829 3912 929 3954 eorum
948 3911 1021 3969 quos
1045 3895 1188 3953 memorat
1209 3891 1450 3967 pbilosophorum

323 3981 352 4037 et
370 3978 504 4039 notitiam
519 3984 548 4039 ct
564 3981 813 4056 impugnationem
831 3981 972 4055 magistro
998 3997 1064 4038 eum
1087 3979 1195 4037 debere
1220 3977 1451 4037 demonstratum

323 4081 388 4122 esse
406 4082 493 4139 nego.
538 4066 724 4140 Empedoclis
750 4064 868 4140 quidem
894 4065 1091 4140 cognitionem
1115 4067 1233 4139 poetam
1256 4062 1389 4124 hausisse
1413 4081 1451 4123 ex

322 4149 392 4210 solis
411 4149 531 4225 Epicuri
560 4151 676 4226 scriptis
704 4151 730 4210 is
756 4168 814 4209 non
843 4151 915 4209 satis
940 4153 1111 4210 constanter
1135 4149 1252 4208 videtur
1273 4150 1451 4208 contendere

322 4229 438 4314 (Woltj.
460 4237 519 4294 179
539 4231 612 4318 sq.),
632 4237 682 4312 qui
700 4236 872 4310 Empedocli
896 4235 1029 4310 quamvis
1058 4253 1153 4310 pauca
1174 4234 1317 4293 orationis
1341 4233 1451 4293 lumina

323 4318 425 4379 deberi
442 4336 501 4380 non
519 4321 541 4380 it
558 4322 666 4382 infitias
686 4318 801 4404 (Woltj.
824 4323 894 4380 182.
914 4318 956 4402 3).
1001 4322 1073 4380 Inde
1089 4338 1160 4379 vero
1180 4321 1259 4395 quod
1277 4322 1364 4380 Lucr.
1384 4338 1450 4378 eum

323 4422 381 4466 non
401 4423 438 4464 cx
455 4406 533 4467 illius
552 4407 703 4472 doctrinae
721 4407 911 4472 fundamento
928 4407 1082 4486 impugnat
1098 4407 1152 4469 sed
1170 4405 1369 4484 Empedoclea
1391 4407 1449 4468 ele·
